2730 4724
131 313 196 379 ³52
611 310 703 383 tuit.

134 476 309 541 perseverat
323 468 439 538 inutile,
455 462 620 539 differtum,
637 468 742 526 nescio
753 468 882 543 quibus,
898 470 1038 530 nuntium
1053 469 1177 539 etrmlin

135 560 216 613 velut
228 558 255 612 in
268 569 353 613 antro
363 557 450 613 Aeoli
460 558 582 613 inclusis
593 568 623 614 et
632 560 896 617 murmurantibus
907 562 1178 635 indignantibusque

136 648 272 703 Christus
288 648 379 715 vivit,
396 647 424 701 ln
442 662 504 719 quo
521 658 550 702 ct
564 664 638 715 nos,
659 648 770 705 mortui
786 640 871 719 licet,
891 646 1039 708 uiuimus.
1072 651 1180 707 Dormit

136 748 235 792 tamen
257 737 360 792 solitas
377 737 488 805 horus,
513 748 543 793 et
559 752 670 793 vescor
692 737 783 793 solito
801 755 904 797 more.
939 740 1034 797 Forte
1051 742 1131 797 Satn
1150 750 1182 795 eat

138 826 167 881 in
189 825 295 880 balneo
319 842 375 880 suo
400 826 435 879 ad
459 838 590 898 tempus.
631 826 674 883 D.
696 826 792 882 Jonas
812 826 880 897 jam
909 839 974 885 tres
1001 828 1183 887 neutonam

137 914 239 970 llullse
260 915 437 985 praedicavit
464 910 617 969 Christum
644 914 769 969 feliciter
791 930 903 985 mugne
928 920 1024 989 gratia
1053 918 1142 991 plebis
1162 924 1186 973 tt

139 1015 277 1073 senatus,
294 1004 385 1058 invito
403 1015 500 1057 tumen
514 1002 724 1075 Querltsmero
741 1015 769 1059 et
784 1014 957 1079 uocatque
975 1008 1091 1077 altero,
1105 1022 1184 1081 neque

139 1094 304 1163 Coadjutor
315 1094 433 1147 fremitu
444 1104 475 1147 et
485 1092 573 1147 minis
586 1094 745 1165 quicquam
757 1092 858 1151 eflicit.
883 1096 1021 1155 Senatus
1033 1110 1185 1155 commutet

139 1185 215 1252 agit:
233 1183 386 1249 frendent,
404 1183 505 1237 furunt
521 1181 660 1237 monachi
679 1193 708 1237 et
725 1183 878 1255 papiaue,
897 1186 1019 1261 dequo
1035 1189 1103 1245 alias
1118 1190 1184 1261 plan

140 1274 188 1328 vel
215 1289 269 1344 per
292 1274 391 1327 alium.
423 1272 458 1326 ln
484 1272 617 1327 Domino
641 1272 746 1327 valete.
779 1273 889 1329 Omnis
909 1290 984 1333 sunt
1009 1278 1042 1334 in
1063 1278 1182 1335 domibus

140 1362 249 1419 vestris
266 1361 356 1416 salva.
388 1359 490 1417 Prims
506 1359 599 1432 Meli,
615 1360 731 1417 scilicet
746 1360 824 1419 Pltil.
841 1373 873 1418 et
886 1360 982 1435 δια,
999 1366 1149 1429 mnxu.

822 1446 987 1528 mannus
1001 1470 1160 1531 nunnus.

174 1832 310 1901 ann.
745 1800 1159 1895 unmnc'cccsxxmt

483 1981 532 2053 flu
552 1978 691 2065 §tufus
711 1966 860 2065 ςιιιιξ

216 2138 401 2191 urrunnun
416 2140 461 2187 ιιι.
473 2141 502 2195 n
514 2140 542 2194 n.
557 2140 665 2196 nrum
676 2142 731 2195 ιιι.
748 2140 857 2197 muso
870 2140 926 2193 uo
937 2138 1011 2203 w
1022 2142 1123 2198 tutan

214 2372 266 2421 itai
278 2376 328 2423 best
340 2375 450 2430 otiolum
463 2377 503 2429 brt
515 2376 627 2437 &diist
639 2377 658 2425 t
672 2375 716 2423 tls.
741 2374 799 2429 fini
812 2372 980 2423 surtrater
992 2374 1036 2423 lll.
1047 2376 1066 2425 f.
1078 2376 1124 2427 321.

144 2507 288 2609 Gratiam
305 2563 335 2608 et
351 2570 479 2626 pacem..
499 2554 619 2612 Retinui
642 2558 750 2615 invitus
770 2558 906 2613 nuntium
926 2568 1065 2615 vestrum
1083 2556 1181 2615 flauo

145 2658 227 2710 sem,
254 2645 294 2699 mi
317 2644 421 2715 Jons,
445 2645 470 2702 si
495 2647 574 2702 forte
601 2646 678 2702 duos
705 2649 781 2704 istos
805 2647 967 2719 magistros
997 2664 1057 2707 una
1081 2648 1181 2703 mitten

144 2749 281 2805 possem:
308 2735 360 2790 sed
385 2710 455 2806 post
475 2735 593 2805 longum
615 2736 839 2810 disputationem
858 2736 933 2793 nihil
958 2738 1067 2807 effeci,
1089 2734 1183 2795 mont

144 2825 445 2893 gravissimaseausss
455 2842 557 2896 ,quus
574 2825 729 2897 nonpotui
746 2827 892 2883 refellere.
927 2825 1181 2900 ltaquennlttm
1223 2834 1228 2917 l

144 2930 275 2969 vacuum
291 2913 426 2969 nuntium
450 2926 572 2968 coactus
589 2931 666 2972 sum.
698 2914 834 2973 Ecclesia
856 2926 961 2971 nostra
983 2922 1031 2981 (ut
1047 2914 1228 2987 scisljau:

144 3006 212 3059 solo
228 3003 397 3060 Pomerano
414 3013 445 3057 et
456 3002 640 3059 Troschelio
657 3005 775 3060 fruitur·
793 3004 896 3061 schola
913 3019 987 3060 vero
1005 3005 1076 3062 solo
1090 3004 1181 3063 Pomt-

144 3108 235 3162 rano,
253 3102 286 3147 ut
301 3091 393 3161 magis
411 3090 555 3146 exhausta
572 3110 632 3147 non
651 3109 719 3149 esse
736 3094 840 3166 possit.
872 3092 921 3150 M.
939 3094 1080 3153 loannes
1096 3092 1182 3167 ciret

144 3182 229 3237 lanus
252 3181 337 3248 abiit,
362 3178 431 3234 abiit
448 3180 573 3249 Petrus,
597 3192 628 3236 et
651 3197 753 3237 sumus
769 3181 879 3238 deserti
897 3182 981 3239 sans.
1016 3183 1099 3260 Quid
1115 3183 1182 3238 siex

145 3271 251 3326 vicinia
270 3270 387 3346 aliquos
411 3284 535 3323 vocares
561 3274 720 3340 pastores?
753 3270 860 3328 Meum
887 3270 1058 3342 Georgium
1082 3268 1228 3359 Schnell

144 3362 312 3424 misissem,
330 3360 383 3414 sed
401 3357 586 3426 nesciebam,
603 3361 675 3431 quiri
692 3362 831 3416 facerem.
864 3361 932 3416 Alia
949 3378 1027 3434 quae
1038 3328 1228 3419 martini

145 3452 334 3521 Principem,
360 3465 449 3521 quam
473 3449 601 3520 primum
618 3450 751 3517 mittam,
775 3461 805 3506 et
826 3467 916 3522 spero
940 3442 1020 3507 bona
1043 3465 1181 3526 maponat

144 3542 211 3615 Ego
238 3552 268 3595 et
293 3550 429 3608 aegrotus
454 3550 485 3593 et
516 3556 610 3610 paene
635 3555 777 3597 morosus
802 3556 890 3609 sum,
918 3543 1015 3598 taedio
1042 3558 1138 3601 rerum
1160 3548 1182 3593 tt

145 3630 332 3686 morborum.
373 3628 491 3682 Utinam
515 3627 670 3684 Dominus
695 3645 744 3685 me
772 3641 881 3686 evocet
902 3631 1133 3689 misericorditer
1154 3627 1180 3681 tl

146 3735 224 3775 sese.
259 3718 333 3773 Satis
359 3718 505 3771 malorum
530 3717 608 3787 feci,
635 3718 696 3774 virli
725 3720 864 3792 pessima.
897 3720 968 3776 Vale
999 3721 1028 3777 in
1054 3722 1179 3779 Domino.

146 3810 230 3865 Salva
257 3821 326 3861 sunt
351 3818 399 3859 tua
424 3808 530 3863 domus
557 3817 587 3864 et
611 3810 717 3866 omnia.
760 3808 847 3866 Feria
869 3812 896 3864 3.
922 3821 991 3881 post
1014 3810 1138 3885 Philippi
1159 3814 1180 3858 tl

145 3896 270 3957 Jacobi,
292 3893 440 3949 MDle.

830 3962 982 4019 Martinus
999 3964 1153 4023 Luthents.
