2616 4710
599 326 691 403 1⁵42.
1085 359 1090 369 ·
1108 320 1169 390 itt

122 434 179 527 G·
197 490 228 537 et
245 481 282 539 P.
316 482 452 556 Expecta
475 470 658 556 Dominum,
682 489 806 545 viriiiter
828 488 962 559 age,·mi
987 481 1106 540 Antoni.
1140 479 1173 536 st

120 573 201 626 nuile
219 586 300 629 esset
318 577 456 645 tentatio,
485 594 561 649 quac
579 578 845 642 exerceretiidem
870 577 1119 641 christianorum,
1138 581 1172 625 tu
1214 620 1216 624 Α
1268 594 1274 601 ’

119 663 236 732 cogita,
254 665 324 735 quid
337 666 472 721 >futurum
490 679 572 723 esset
588 668 625 722 de
643 667 811 725 christianis
828 668 962 734 securis,
980 664 1102 730 otiosis,
1119 677 1174 716 vo.

118 752 299 822 luptuariis?
314 755 429 810 scilicet
446 759 540 826 idern,
557 760 639 830 quod
657 760 693 813 de
710 759 824 830 Papatu
842 760 963 812 sactum.
997 756 1073 810 Cum
1084 752 1172 822 igitur

120 843 304 898 tentationes
323 845 644 914 sint'Rhabarbarum,
668 847 814 920 Myrrha,
840 847 933 901 Alces
957 855 986 900 et
1009 842 1173 898 antidotum
1266 854 1269 864 ·

121 943 229 985 contra
241 948 345 989 omnes
357 947 492 1003 vermes,
510 937 640 1004 saniem,
658 937 857 1008 putredinem,
874 946 991 990 stercus
1002 932 1092 1003 hujus
1106 946 1174 986 cor.
1265 935 1267 943 '

120 1021 207 1090 poris
224 1023 353 1091 peccati:
378 1026 528 1095 sequitur,
546 1040 605 1079 non
623 1040 690 1080 esse
708 1024 955 1092 contemnendas,
972 1022 1098 1096 serinac
1115 1037 1173 1093 pro

121 1119 229 1167 nostro
254 1111 371 1166 arbitrio
397 1115 577 1185 expetendas
601 1116 648 1170 vei
675 1114 842 1185 eligendas,
868 1114 927 1168 imo
953 1110 1173 1183 suscipiendae,

122 1199 332 1271 cujuscunque
349 1203 464 1270 generis
482 1203 508 1267 ¹)
524 1204 612 1258 Deus
628 1204 715 1258 nobis
733 1203 832 1258 inferri
850 1203 876 1267 ²)
897 1201 1042 1268 voluerit,
1068 1209 1101 1255 ut
1123 1199 1173 1271 qui
1264 1213 1267 1218 ·

123 1289 220 1356 sciat,
236 1287 265 1356 ³)
289 1308 382 1362 quae,
400 1293 519 1363 quales,
537 1308 660 1364 quantae
679 1293 764 1349 nobis
782 1293 840 1348 sint
857 1291 1028 1347 utilissimae
1046 1299 1075 1345 et
1091 1305 1176 1344 com.

121 1375 325 1435 modissimae.
360 1381 461 1456 Quare
474 1395 503 1439 et
515 1393 546 1437 tu
559 1385 644 1439 sortis
657 1394 722 1440 esto
734 1394 764 1438 et
776 1384 888 1452 cogita,
906 1383 930 1436 si
945 1381 1065 1436 omnino
1081 1379 1176 1442 (sicut

121 1485 229 1522 verum
254 1469 316 1533 est)
342 1470 476 1525 ferendae
500 1483 569 1527 sunt
592 1472 783 1540 tentationes,
809 1474 937 1527 seramus
964 1470 1032 1524 istas
1059 1467 1176 1540 potius,

125 1574 216 1628 quam
234 1558 352 1628 pejores
371 1561 580 1629 et‘g'rairiores.
614 1562 681 1617 Sine
707 1575 736 1616 et
753 1563 851 1627 serto,
877 1559 1016 1632 quicquid
1035 1555 1174 1612 Centauri

126 1659 159 1702 et
180 1649 312 1719 papistae
336 1651 508 1705 moliuntur.
542 1650 610 1706 Nec
634 1664 730 1705 tamea
756 1649 873 1704 omittas
897 1665 999 1718 agere,
1025 1646 1175 1715 scribere,

126 1738 295 1809 supplicare
315 1749 345 1794 et
361 1740 459 1793 omnia
477 1750 587 1795 tentare
604 1740 679 1810 apud
696 1739 866 1811 Principem
879 1750 909 1794 et
920 1730 1085 1808 ubicunque
1098 1751 1176 1808 opus

127 1837 185 1881 est.
219 1826 296 1900 Quis
314 1829 386 1897 scit,
404 1830 521 1905 quando
540 1829 648 1896 bonam
664 1828 771 1884 horam
788 1829 876 1884 Deus
894 1827 993 1883 dabit?
1026 1825 1074 1882 Ne
1092 1827 1175 1893 time,

126 1934 166 1971 ne
188 1917 369 1972 inveniamur
390 1935 446 1974 nos
470 1919 642 1989 defatigatos
667 1919 758 1975 fuisse
775 1911 804 1984 ⁴)
828 1930 856 1974 et
878 1918 1007 1973 cessisse
1027 1914 1176 1983 Diabolo,
1258 1963 1262 1970 .

127 2008 295 2076 infatigabili
318 2008 424 2078 hosti,
441 2019 469 2063 et
492 2020 563 2063 tunc
578 2025 649 2063 sero
665 2008 757 2063 nostri
774 2023 831 2063 nos
848 2007 997 2080 poeniteat
1013 2015 1043 2061 et
1058 2015 1177 2060 nostrae

127 2097 259 2151 mollitiei
278 2099 383 2167 pigeat.
416 2097 456 2153 Ita
467 2099 502 2152 dr.
515 2111 562 2152 tua
574 2109 667 2152 matre
684 2097 756 2152 nihil
771 2108 800 2152 te
812 2111 959 2163 maceres,
974 2094 1090 2166 quaein
1102 2093 1179 2151 Stul.

127 2204 188 2258 pan
205 2189 261 2243 sub
278 2187 389 2259 Papatn
409 2205 478 2242 cum
496 2189 634 2243 scandalo
650 2187 802 2257 Evangelii
820 2187 920 2241 vivere
937 2186 1064 2252 mavult,
1088 2198 1178 2255 quam
1279 2214 1281 2219 ·

128 2274 247 2333 Pirnae.
264 2269 296 2344 ⁵)
314 2278 391 2343 ,Ora
408 2295 463 2351 pro
480 2295 515 2333 ea
532 2278 745 2345 indesinenter,
763 2287 793 2332 et
808 2275 986 2332 satisfecisti.
1019 2273 1107 2329 Certe
1124 2272 1178 2328 bo.

128 2384 201 2422 nurn
218 2385 277 2423 non
296 2378 389 2437 esset,
414 2369 438 2421 si
461 2369 558 2433 omnia
579 2383 655 2423 mox
678 2380 708 2423 et
731 2366 760 2421 in
784 2366 929 2438 praesenti
955 2365 1074 2432 fierent,
1101 2377 1178 2435 quae

128 2459 266 2529 cupimus
284 2470 333 2512 aut
350 2458 488 2530 petimus.
521 2458 608 2513 Deus
633 2458 738 2512 melius
761 2456 903 2529 prospicit
925 2455 1029 2522 nobis,
1054 2452 1179 2553 videns,

129 2564 219 2620 quam
236 2549 324 2602 stulta
341 2558 427 2614 sunt,
443 2562 517 2619 quae
535 2547 563 2601 in
582 2548 728 2617 praesenti
744 2538 772 2613 ⁶)
790 2547 944 2618 petimus.

196 2652 254 2706 De
262 2653 364 2707 Turca
380 2652 453 2708 nihii
470 2668 614 2708 novarum
631 2651 792 2720 habemus,
809 2669 865 2707 nec
883 2651 919 2706 de
936 2660 1108 2705 nostrorum
1126 2662 1179 2704 ex.

129 2739 291 2811 peditione.
323 2742 357 2796 ln
373 2741 498 2810 Belgico
516 2743 625 2796 Caesar
642 2741 763 2813 publico
780 2741 880 2796 edicto
902 2740 996 2797 vetuit
1019 2738 1131 2794 saevire
1148 2738 1179 2794 in

128 2830 328 2885 Lutheranos.
362 2830 395 2885 In
409 2830 504 2886 Gallia
519 2847 587 2884 cum
604 2830 722 2886 biennio
739 2846 796 2901 pnx
814 2831 934 2897 fuisset,
952 2829 1089 2900 paulatim
1107 2827 1178 2882 irre.

130 2930 229 2992 pserat
252 2919 432 2988 Evangeiion
456 2937 510 2991 per
531 2919 624 2976 libros
647 2920 792 2975 invectos.
827 2920 860 2976 ld
887 2935 955 2973 cnm
979 2921 1180 2974 resciscerent
1274 2912 1276 2916 ’

130 3009 289 3074 monachi,
314 3009 481 3079 sophistae,
507 3009 741 3077 Pariamentum,
764 3008 802 3063 ita
824 3010 923 3063 furere
942 3016 1123 3079 coeperunt,
1146 3014 1180 3062 ut

128 3102 163 3152 50
180 3097 364 3164 exusserint,
380 3089 410 3163 7)
427 3099 480 3154 sed
498 3112 568 3152 cuna
586 3108 662 3151 tanta
680 3098 876 3168 indignatione
893 3096 1066 3163 hominum,
1092 3107 1125 3151 ut
1140 3109 1180 3152 ne

131 3189 272 3242 tumultus
291 3200 319 3242 et
337 3187 441 3243 seditio
458 3187 541 3242 fieret
555 3188 692 3258 Parisiis,
709 3189 779 3244 Rex
795 3189 833 3244 sit
850 3199 973 3244 coactus
991 3189 1180 3258 interponere

129 3293 248 3330 manain
267 3287 296 3331 et
313 3278 463 3331 saevitiam
482 3268 688 3348 compescere.
721 3277 889 3349 Episcopus
906 3276 1091 3332 Coloniensis
1107 3274 1181 3330 inci.

131 3366 173 3436 pit
198 3368 295 3421 facere
319 3368 512 3421 mutationem
533 3367 678 3421 abusuum
703 3366 731 3421 in
753 3383 806 3421 sua
823 3367 965 3422 dioecesi.
998 3364 1179 3420 Benedictus

130 3456 236 3524 Deus,
261 3458 312 3529 qui
330 3456 514 3525 Evangelion
531 3473 617 3511 suum
635 3456 794 3527 glorificat,
817 3469 849 3512 ut
873 3457 898 3511 si
916 3457 1008 3511 nostri
1026 3455 1179 3531 conterre}

133 3544 179 3601 ne'i
195 3540 226 3612 8)
250 3547 468 3616 Bethsaiditae,
492 3547 687 3616 Coracinitae,
712 3544 918 3612 Nutarethittte
943 3563 1004 3601 non
1025 3553 1181 3617 acceptant

178 3774 199 3823 1)
214 3773 283 3821 ΜΒ.
297 3783 455 3830 quascunque.
496 3771 713 3823 necatorem.
757 3771 1035 3826 cructuationem.
1072 3753 1181 3824 ΜΕ

131 3844 156 3892 c.
168 3846 195 3890 G.
216 3853 261 3889 neo
275 3844 313 3890 hic
326 3845 477 3891 inveniamur
489 3857 535 3890 nos
547 3845 664 3901 fatigator
677 3857 739 3892 esse.
772 3845 834 3898 sd.
852 3857 883 3892 ne
900 3849 957 3893 tnnc
970 3846 1120 3895 inveniamur
1133 3856 1181 3894 act

128 3918 319 3973 totitatoseoe.
367 3917 763 3976 sisto-quaeinstuipenetc.
812 3919 834 3970 6)
847 3919 993 3979 ΜΜΦ.
1007 3920 1068 3971 (λθ.
1082 3920 1176 3974 ΝΜ.

129 3991 152 4043 7)
166 3994 190 4040 t.
199 3990 241 4040 w.
254 3989 279 4036 c.
288 3990 316 4038 G.
330 3994 468 4038 exurerent.
512 3994 535 4047 8)
548 3993 620 4043 ΜΒ.
633 3989 709 4038 vestri
722 3990 880 4041 cuuaeerandl
892 3992 930 4044 ti).
1000 4011 1002 4015 ·
