2730 4724
152 356 213 424 316
636 356 726 430 1540.

149 511 257 580 nobis,
286 512 346 569 imo
364 505 486 585 Angelis
503 514 682 574 coelestibus
706 518 770 583 οἱ)
794 534 828 573 re
851 516 915 590 ipsa
930 502 1135 589 impossibile,
1157 524 1198 584 et,

149 602 175 656 si
187 604 408 671 concedamus,
426 604 540 660 irritum
552 618 609 672 est,
619 607 652 671 ²)
670 623 698 663 et
711 608 781 663 Deo
796 608 940 664 irascente
953 607 1197 663 concederentur.

149 688 178 746 E
195 704 297 746 contra
315 694 340 747 si
358 693 398 747 illi
416 695 541 751 offerant
556 695 764 763 concedenda,
781 711 858 769 quas
872 712 931 752 oso
947 696 1087 769 ipsorum
1102 711 1158 751 nec
1173 694 1199 749 in

149 790 296 850 potestate
319 782 469 853 ipsorum,
494 785 545 838 sed
564 801 639 857 quae
654 781 684 851 ³)
710 785 739 840 in
755 785 814 842 Dei
832 785 926 841 solius
943 792 1094 857 potestate
1118 793 1198 849 sant,

147 878 181 922 ut
202 885 278 941 quae
295 881 380 926 antea
396 873 460 942 jam
486 872 622 929 divinitus
638 875 745 930 donata
761 867 793 939 ⁴)
818 875 1004 945 accepimus,
1027 883 1060 929 et
1082 889 1199 944 recupe-

148 958 280 1015 ravimus
305 977 321 1014 a
346 962 531 1034 raptoribus,
558 965 738 1019 contumelia
754 963 815 1020 Dei
840 973 923 1020 esset
945 962 1047 1032 fateri,
1073 980 1108 1018 ea
1128 979 1199 1018 nunc

148 1035 269 1104 mndcm
285 1049 323 1105 ab
349 1051 407 1107 illis
424 1052 561 1125 accipere
578 1069 739 1125 concessa,
761 1070 837 1126 quae
854 1068 910 1109 nec
929 1052 1057 1121 habeut,
1080 1068 1138 1108 nec
1151 1050 1198 1106 lta.

147 1136 220 1194 bere
237 1130 267 1206 ⁵)
291 1140 349 1195 nisi
367 1142 521 1212 sacrilegio
539 1154 621 1214 rapta
636 1153 778 1216 possunt:
794 1134 827 1209 ⁶)
850 1159 909 1216 qua
933 1142 1109 1215 acceptione
1126 1158 1197 1198 con.

148 1227 318 1298 iteremus,
343 1245 396 1285 eos
420 1231 512 1287 fuisse
529 1231 625 1288 bonae
642 1232 707 1288 fidei
732 1247 927 1305 possessores
950 1232 1071 1301 talium,
1096 1241 1126 1287 et
1146 1245 1197 1287 nos

148 1317 274 1388 injustos
291 1319 487 1391 spoliatores,
514 1330 544 1376 et
559 1337 639 1376 nunc
655 1321 776 1377 demum
794 1336 850 1377 nos
868 1320 1046 1390 indulgentia
1069 1321 1197 1394 ipsorum

149 1409 217 1465 fore
229 1409 330 1478 justos
348 1421 550 1481 usurpatores.
585 1410 657 1484 Quo
675 1411 755 1466 lacto
770 1410 870 1470 multis
881 1410 978 1466 modis
990 1408 1195 1467 etnomioibot

145 1495 321 1565 Ecclesiae,
348 1497 409 1552 imo
426 1498 521 1553 verbo
538 1498 598 1554 Dei
616 1499 735 1570 injurias
753 1500 938 1566 laceremus,
964 1509 996 1555 ct
1017 1515 1076 1555 nos
1093 1499 1195 1570 turpis-

147 1586 221 1642 sima
239 1586 397 1656 ignominia
414 1598 445 1641 ut
462 1587 668 1644 malefactores
685 1588 753 1644 inde
769 1587 806 1642 ab
823 1588 905 1644 initio
922 1602 1030 1645 causae
1043 1588 1196 1644 fuissede.

146 1676 338 1732 clararemus.
349 1669 379 1745 7)
412 1677 499 1732 Hunc
515 1678 635 1732 Satanae
653 1693 788 1734 morsum
805 1687 938 1734 conterat
954 1677 982 1732 in
1001 1677 1091 1735 robis
1104 1671 1137 1743 8)
1152 1693 1195 1734 se-

145 1780 215 1821 men
233 1765 301 1820 illud
319 1765 509 1820 benedictum
524 1767 663 1822 mulieris.
693 1767 756 1824 Stet
768 1767 855 1838 igitur
867 1767 964 1839 topica
976 1767 1024 1823 illa
1035 1767 1112 1825 fixe:
1127 1767 1193 1825 orleii

144 1856 213 1924 dat,
234 1856 315 1928 quod
333 1873 393 1910 non
411 1855 509 1911 habet.
541 1857 690 1912 Desinant
708 1857 748 1913 illi
765 1857 860 1928 largiri
878 1858 1073 1930 impossibilia
1094 1869 1125 1914 et
1139 1842 1193 1914 non

146 1959 219 2013 sua,
244 1955 274 2000 et
297 1961 354 2000 nos
378 1961 535 2000 caveamus
560 1946 728 2001 concedere
751 1955 801 2001 aut
817 1947 960 2018 occipere
983 1963 1085 2020 neque
1100 1957 1194 2004 nostra

144 2051 242 2106 neque
259 2034 388 2091 illorum.
423 2035 472 2092 De
492 2034 586 2109 ⁸relius
607 2046 639 2090 et
664 2037 750 2092 donis
765 2035 828 2091 Dei
851 2037 961 2107 agitur,
976 2027 1008 2103 ⁹)
1028 2048 1119 2094 extra
1141 2052 1192 2093 nos

143 2125 260 2196 positis.
292 2126 351 2180 Sed
367 2125 437 2196 quid
452 2142 505 2181 sus
517 2125 708 2182 Minervam?
741 2123 811 2181 Nisi
823 2125 903 2198 quod
915 2127 1052 2183 delector
1062 2140 1193 2201 repetere

143 2212 298 2270 historiam
316 2231 413 2269 meam
428 2215 699 2283 Wormatiensem‚
725 2215 773 2270 oui
790 2215 917 2279 similem
941 2217 990 2272 vel
1007 2205 1129 2275 somnio
1150 2217 1193 2272 vel

145 2304 283 2375 suspicor
299 2316 429 2359 vestram
447 2305 530 2371 lore,
547 2307 655 2359 Amen.
688 2304 786 2359 Credo
802 2303 927 2361 Eccium
939 2305 976 2370 ω)
994 2314 1025 2361 et
1041 2305 1193 2380 Sophistss

144 2403 247 2463 optare
264 2393 369 2447 vocale
387 2392 589 2464 colloquiunt,
614 2393 666 2447 sed
684 2392 801 2447 msllem
818 2394 867 2461 (ut
885 2403 1026 2449 statatum
1044 2394 1107 2461 est)
1124 2395 1192 2451 scri.

142 2483 268 2555 pturale.
279 2476 317 2550 ¹¹)
349 2481 459 2539 Metuo
477 2483 574 2551 enim,
593 2500 630 2537 ne
642 2482 793 2537 altercatio
804 2482 841 2549 ²²)
859 2482 1010 2538 veritatem
1022 2485 1193 2556 impeditam

76 2620 79 2625 ,
143 2573 192 2628 sit.
224 2571 264 2627 Et
279 2571 334 2627 nisi
344 2569 384 2639 ¹³)
401 2572 475 2628 adsit
493 2573 643 2628 Osiander
659 2572 695 2628 ab
712 2572 808 2628 Eccio
825 2573 990 2642 vocitatus,
1007 2584 1038 2629 et
1050 2591 1106 2645 per
1117 2591 1192 2644 sese,

143 2661 217 2719 nihil
240 2661 272 2716 hi
296 2663 357 2718 duo
384 2663 538 2733 congressi
563 2663 621 2718 nisi
644 2663 791 2719 clamores
814 2663 997 2723 excitabunt.
1030 2665 1116 2723 ldem
1136 2666 1195 2722 sor.

142 2752 231 2808 tassis
245 2751 403 2808 vobiscum
421 2752 527 2808 facient
543 2751 728 2818 Cochlaeus,
751 2751 899 2808 Wioelius
916 2762 946 2809 et
963 2752 1019 2808 alii.
1052 2754 1106 2810 De
1122 2756 1190 2812 Cae.

143 2858 210 2898 sare
226 2843 320 2897 laetus
338 2841 452 2908 audivi,
468 2858 543 2913 quae
561 2840 677 2897 scribis.
711 2841 863 2897 Dominus
876 2834 916 2908 ¹⁴)
933 2843 1055 2899 vocavit
1070 2861 1145 2914 vos,
1161 2853 1192 2901 ut

141 2947 199 2990 suo
216 2932 336 2988 nomine
354 2929 551 2986 confiteamini
576 2945 695 2986 causam
712 2928 866 2987 Ecclesiae
885 2947 973 2987 suae:
999 2931 1080 2988 dabit
1106 2934 1191 2992 vobit

131 3018 178 3079 'os
191 3032 221 3078 et
231 3022 401 3095 sapientiam
417 3021 574 3095 (nonestis
587 3035 660 3088 ros,
679 3021 728 3091 qai
739 3019 921 3091 loquimini),
939 3020 1044 3094 etipse
1057 3023 1192 3080 obstruet

142 3128 178 3167 os
197 3112 380 3184 loquentium
397 3110 514 3181 iniqua,
540 3110 568 3163 in
592 3108 716 3179 gloriam
734 3125 817 3164 suam
834 3119 865 3164 et
880 3111 1005 3166 salutem
1023 3111 1191 3171 electorum

141 3216 274 3258 suorum.
309 3199 420 3255 valete.
454 3198 616 3254 Dominica
632 3209 700 3270 post
716 3197 885 3266 Elisabeth,
906 3198 1044 3256 MDXL.

805 3312 845 3368 Τ.
861 3311 1013 3369 Martinus
1029 3313 1158 3373 Luther.

188 3661 209 3712 1)
223 3657 284 3707 11111
298 3657 431 3715 westph.
447 3659 505 3707 snt.
520 3659 552 3704 at.
598 3645 620 3710 2)
632 3657 672 3702 W.
686 3654 988 3705 concederemus-esset
1034 3657 1057 3708 3)
1070 3655 1135 3707 stro
1147 3655 1187 3703 W·

137 3733 197 3781 1111.
211 3744 294 3789 aeque.
341 3731 420 3782 ttw.
434 3732 538 3777 decreta.
588 3734 610 3783 5)
623 3731 663 3776 W.
678 3742 722 3776 nec
735 3730 893 3785 hessesmot
907 3742 951 3776 nec
964 3729 1063 3779 laetere.
1109 3731 1186 3784 stw.

136 3807 277 3865 potuerunt.
337 3807 360 3859 7)
379 3805 436 3850 cod·
450 3807 495 3853 tst.
513 3829 538 3839 -
556 3807 582 3850 el
600 3817 644 3850 taos
663 3802 800 3860 turpissima
818 3806 865 3849 etc.
924 3805 948 3851 8)
970 3803 1088 3853 cnsot.
1106 3805 1186 3854 nolis.

136 3882 159 3933 9)
172 3878 212 3924 W.
227 3875 327 3935 agnitis,
340 3879 387 3925 atti
400 3878 505 3935 tonost
519 3879 564 3922 mit
576 3880 625 3923 tem
638 3877 733 3930 andorn
746 3877 884 3922 amiantos.
933 3878 965 3928 11)
979 3876 1091 3928 cod-tot
1105 3880 1186 3926 tetun

136 3950 278 4005 mllcslum.
328 3952 361 4004 11)
379 3951 427 3996 Set.
442 3951 546 4001 iedltlttt
560 3950 672 3997 codtst.
699 3949 758 3995 cod.
773 3949 816 3997 185.
835 3945 1023 4000 tetrioreide.
1072 3951 1106 4003 ts)
1123 3950 1185 4003 δώ.

137 4023 259 4075 allerstio.
310 4023 412 4075 tiillas.
427 4035 487 4069 tum
537 4023 571 4076 w
583 4021 639 4068 Mes.
655 4019 731 4081 'saut
