2730 4724
638 373 725 444 tara
1144 370 1203 437 211
1237 406 1240 412 -
1322 466 1329 475 ᾗ

155 528 268 584 obruor
288 526 410 599 siugulis
431 528 526 586 horis.
560 530 663 608 Quare
689 530 740 586 tibi
766 546 945 603 responsum
969 544 1036 584 esse
1062 527 1203 584 arbitrare

154 621 256 687 simul,
281 621 399 692 quoties
424 632 454 674 tu
476 621 511 674 ad
537 638 583 674 me
608 621 728 676 scribis.
762 622 854 693 Spero
878 623 956 676 enim
979 620 1113 674 cordium
1137 635 1204 674 esse

154 713 397 783 conjunctionem
415 713 491 766 inter
507 729 563 767 nos
581 713 740 768 sinceram.
772 713 854 767 idem
876 715 970 767 sentio
995 714 1030 765 de
1047 713 1105 766 tuis
1125 729 1204 782 sym.
1226 776 1228 780 Ι

152 804 258 874 mystis
276 801 415 857 omnibus
422 840 433 869 ‚
458 817 534 873 quos
553 815 653 856 storo
670 818 738 856 meo
756 803 875 857 nomine
892 816 925 856 ut
940 803 1048 856 salutes
1067 818 1205 855 reveren.

153 903 209 946 ter.
241 890 416 960 Pergratum
430 902 604 957 esttamen,
623 892 702 961 quod
720 873 775 945 nos
794 894 926 960 ignorare
945 908 1004 945 non
1021 891 1110 958 sinis,
1128 907 1204 961 quas

154 981 231 1052 apud
248 996 305 1036 vos
323 993 479 1051 geruntur,
497 987 670 1053 praesertim
688 980 717 1034 in
734 996 765 1033 re
783 981 901 1049 erucis,
918 979 1019 1049 idest,
1037 980 1121 1035 verbi
1137 997 1206 1034 cru.

113 1060 120 1067 ’
153 1070 244 1126 eiiixi.
277 1071 307 1126 S.
323 1069 406 1125 Petri
429 1069 555 1124 verbum
578 1070 691 1140 impleri
716 1068 831 1140 incipit,
857 1071 938 1142 quod
962 1070 1045 1124 dicit:
1073 1070 1204 1125 Accele-
1230 1061 1237 1071 ⁸

151 1166 266 1215 rantes
288 1156 349 1213 sibi
371 1156 501 1213 celerem
524 1158 745 1228 perditionem.
779 1156 836 1220 &it
859 1157 956 1217 milita
982 1157 1105 1217 uttiutttt
1129 1158 1203 1227 [tun.

152 1248 291 1306 Grandes
303 1250 408 1303 iterum
421 1234 561 1320 spargunt
577 1249 671 1303 minas
689 1259 718 1302 et
735 1252 783 1314 (ut
796 1249 925 1318 jactam)
943 1248 1086 1304 efficaces.
1109 1251 1206 1306 'Deus

152 1340 280 1410 dissipet
295 1339 419 1395 consilia
440 1355 561 1405 eorum,
586 1339 663 1391 sicut
683 1338 828 1392 hactenus
853 1339 937 1391 fecit:
963 1340 1077 1394 tametsi
1101 1349 1204 1396 nostra

152 1441 294 1504 peccata,
313 1428 485 1498 ingratitudo
503 1440 532 1482 et
544 1437 729 1489 contemtus,
748 1427 926 1498 portendunt
936 1428 1054 1499 aliquod
1067 1445 1206 1498 magnum

151 1519 241 1575 nobis
257 1519 379 1574 maium.
411 1517 452 1573 Et
469 1518 545 1588 apud
563 1534 619 1572 nos
639 1519 868 1587 interpretantur
885 1518 977 1571 diram
994 1519 1120 1589 aliquam
1136 1537 1206 1591 poe.

154 1626 240 1677 nam,
267 1608 347 1680 qarod
358 1602 482 1680 'praeter
497 1607 617 1663 solitum
638 1607 681 1661 sic
705 1609 806 1661 furunt
824 1609 905 1661 venti
921 1620 952 1662 et
969 1625 1059 1680 aquae
1066 1647 1075 1675 ,
1095 1611 1158 1680 jam
1175 1610 1206 1667 iu

154 1714 271 1755 sextam
288 1698 520 1763 hebdomadam,
540 1708 573 1751 ut
590 1697 661 1752 nihil
678 1697 774 1751 simiis
791 1698 977 1751 meminerint
995 1715 1083 1753 senes
1100 1699 1207 1754 nostri.

216 1795 438 1852 Praefatiouem
463 1796 498 1865 in,
513 1795 649 1849 Postiltas
675 1809 754 1847 meas
772 1794 870 1861 exegit
886 1810 902 1847 a
918 1810 968 1848 me
984 1795 1074 1849 Crato
1091 1805 1206 1852 noster.

154 1886 209 1942 Sed
226 1903 284 1956 ego
302 1884 406 1941 Latine
424 1902 522 1956 neque
540 1887 669 1956 peritus,
687 1901 721 1938 ao
739 1884 763 1939 si
782 1884 891 1955 peritus
908 1885 1047 1950 fuissem,
1066 1884 1205 1940 desueta.

153 1977 218 2031 dine
237 1978 325 2044 ionga
343 1975 513 2030 Germanici
535 1974 681 2029 sermonis
704 1990 766 2027 uon
788 1989 911 2045 possum
933 1991 994 2028 non
1018 1990 1085 2028 esse
1108 1978 1205 2032 factus

154 2066 319 2138 imperitus.
355 2063 503 2132 Orabam,
521 2074 629 2118 utute
647 2071 779 2134 peteret,
801 2063 830 2117 id
847 2063 927 2134 quod
945 2073 975 2117 et
992 2063 1089 2118 aditue
1107 2075 1189 2136 peto.

216 2163 354 2230 Detege
374 2161 491 2229 Angiiae
509 2176 632 2227 vereor,
655 2177 691 2214 ne
710 2171 758 2215 tua
778 2177 847 2232 spes
866 2161 903 2216 sit
920 2161 1002 2218 nihil.
1038 2163 1124 2234 Ipsos
1142 2165 1205 2219 An·
1231 2190 1236 2197 ·

153 2253 238 2321 pios,
255 2253 327 2305 dum
344 2251 396 2305 hic
413 2249 589 2316 haererent,
607 2249 770 2304 audivimus
788 2253 823 2304 de
840 2251 925 2321 Rege
941 2267 996 2307 suo
1015 2255 1208 2324 querulantes
1304 2230 1321 2245 ἱ

154 2358 182 2398 et
199 2353 334 2398 nostram
354 2342 516 2396 libertatem
540 2340 725 2395 admirantes.
760 2339 905 2410 Legatum
925 2342 1029 2398 habuit
1052 2346 1127 2415 apud
1152 2363 1207 2401 no.

154 2446 249 2488 strum
265 2433 437 2504 Principem
454 2430 501 2484 his
519 2430 641 2496 diebus,
667 2431 718 2484 sed
743 2432 790 2500 qni
812 2432 883 2484 nihii
901 2434 996 2486 attulit
1015 2451 1069 2488 nec
1089 2437 1204 2504 retuiit,

154 2524 236 2594 quod
251 2523 342 2576 uitam
359 2537 442 2593 spem
460 2519 647 2589 significaret.
683 2519 831 2574 Dominus
856 2523 957 2591 dirigat
979 2540 1035 2577 cor
1052 2525 1117 2594 ejus
1135 2534 1205 2582 cum

155 2611 295 2666 omnibus
313 2612 374 2666 aliis
392 2609 510 2679 regibus
529 2610 556 2662 in
575 2609 696 2676 gloriam
715 2625 808 2664 suam.

225 2708 275 2763 De
291 2709 413 2763 Caesare
437 2718 505 2762 sunt
527 2706 702 2777 prophetiae
725 2717 842 2772 certae,
867 2715 1026 2778 postquam
1046 2709 1147 2778 junxit
1170 2725 1204 2766 se

153 2798 228 2853 Deo
245 2797 340 2852 odibili
352 2798 465 2867 Papae,
485 2795 616 2848 amisisse
635 2809 702 2847 eum
721 2811 840 2847 omnem
858 2806 886 2847 et
904 2795 1052 2849 fortunam
1069 2809 1098 2852 et
1115 2797 1206 2853 bene.

153 2887 313 2941 dictionem
337 2886 408 2940 Dei.
449 2885 504 2937 Sed
529 2883 616 2936 nobis
644 2884 785 2952 imputant
811 2893 916 2936 totum.
955 2883 1036 2938 Bene
1062 2887 1143 2955 vate,
1173 2898 1204 2944 et

154 2975 293 3030 salutabis
311 2977 373 3029 Dn.
389 2974 538 3028 Joannem
565 2972 723 3024 Sturmium
750 2982 777 3023 et
793 2970 963 3026 Johannem
981 2973 1131 3028 Calvinum
1156 2992 1203 3029 re.

153 3079 306 3132 verenter,
325 3079 454 3135 quorum
471 3061 585 3114 libellos
604 3075 673 3111 oum
692 3060 830 3127 singulari
846 3061 996 3130 voluptate
1014 3061 1079 3132 tegi.
1113 3064 1202 3120 Sado.

153 3157 214 3211 leto
239 3164 392 3225 optarem,
417 3163 449 3205 ut
474 3151 608 3205 crederet
633 3149 733 3203 Deum
762 3166 830 3203 esse
855 3160 1019 3205 creatorem
1045 3152 1202 3211 hominum

152 3247 240 3299 etiam
263 3255 348 3298 extra
369 3242 496 3296 ltaliam:
522 3240 576 3294 sed
598 3237 672 3292 haec
696 3239 849 3309 persuasio
872 3255 933 3293 non
956 3254 1087 3310 penetrat
1111 3246 1224 3299 eorda·

152 3334 314 3400 italorum,
343 3347 413 3385 cum
437 3341 534 3384 tamen
558 3328 614 3381 soii
641 3344 708 3396 prae
737 3329 845 3381 ceteris
873 3331 1010 3384 exuerint
1037 3333 1119 3402 piane
1145 3335 1201 3388 hu.

150 3439 272 3478 manum
295 3437 418 3475 sensum
444 3435 512 3490 prae
535 3416 682 3487 superbia.
716 3416 827 3471 Iterum
852 3419 927 3473 vale.
968 3419 1028 3475 Die
1051 3421 1156 3478 Caiixti
1173 3423 1200 3492 ¹)

150 3513 193 3568 ¹⁶.
213 3512 326 3583 aput,
343 3513 369 3578 ¹)
388 3528 415 3564 ²·
432 3506 647 3563 Ms’xffl·
823 3572 853 3626 T
881 3571 962 3628 Mart
989 3573 1107 3632 Luther
1124 3578 1155 3634 n

151 3681 678 3708 ....-..-..-----

201 3749 223 3795 t)
237 3746 319 3793 vitiet
332 3742 488 3798 iinmeritam
503 3740 647 3791 uuanotittta
660 3739 686 3785 tit
699 3737 813 3791 unrtdtia
824 3740 870 3784 unt
880 3739 1003 3789 tontum
1012 3749 1057 3789 ton
1068 3745 1196 3804 uagam,

150 3820 260 3871 &nisani
282 3819 376 3871 atauttr
394 3816 439 3864 idn
459 3818 482 3863 u.
501 3815 555 3865 irate
572 3814 627 3863 itata
646 3811 734 3856 crlixti
752 3812 961 3864 fortissumum
981 3815 1086 3874 callisti,
1104 3820 1198 3872 metm

148 3897 187 3940 arr
202 3896 234 3940 tt.
248 3893 317 3943 uarii
330 3891 406 3939 mirra
426 3891 478 3934 aare
497 3888 531 3933 tte
545 3885 696 3937 erutarum
716 3887 753 3931 tn·
766 3885 850 3932 mirate
864 3888 910 3932 unt
924 3888 1060 3943 acarnanas
1073 3893 1151 3946 mam
1163 3897 1197 3942 ῃ,

148 3970 239 4019 stimmt
251 3967 345 4012 suiten
359 3964 391 4010 tt.
406 3962 513 4010 ortatur
532 3959 584 4005 aad)
598 3956 764 4024 utrantptdmaa
779 3957 823 4004 mit
836 3962 884 4006 tatu
897 3967 947 4006 aar.
961 3962 1019 4013 usu,
1037 3965 1143 4020 pamm
1156 3969 1199 4017 m

148 4043 245 4093 vetunt
258 4040 295 4087 art
308 4040 365 4093 iata.
377 4037 422 4085 mr.
435 4035 517 4080 urrist
530 4031 702 4086 sntatatuitrtu.
926 4039 934 4059 ·
1039 4040 1048 4052 ·
1151 4035 1153 4038 >
