2730 4724
608 325 705 404 sals.
1123 325 1186 443 886

131 481 284 554 allidatur,
309 483 596 547 elidatartnundua.
619 499 653 546 at
673 488 755 557 vult,
780 487 899 563 quando
915 502 977 546 non
998 487 1098 544 solum
1113 501 1189 541 con.

131 573 240 631 temnit
264 573 390 637 verbum
415 575 475 634 Dei
501 593 536 633 ac
562 578 767 650 persequitur,
791 572 844 635 s‘ed
868 573 957 634 etiam
980 572 1067 634 s‘uum
1088 574 1188 648 ipsius

131 663 292 719 consilium
321 680 424 720 sanum
448 666 540 721 furori
567 667 727 740 postponit.
766 668 870 724 Valeat
894 685 978 739 ergo.
1018 665 1119 724 Nobis
1143 665 1186 723 D.

131 752 289 827 Philippus
313 752 388 810 laeta
406 755 505 812 retulit
521 756 558 812 de
576 757 748 813 Coloniensi
764 757 936 830 Episcopo,
960 772 1049 830 quam
1069 755 1187 812 sincere

131 843 184 898 ille
209 852 293 912 agat,
321 859 409 915 quam
434 855 517 900 recte
541 845 681 915 intelligat
708 857 737 902 et
759 847 951 919 amplectatur
974 845 1109 902 verbum.
1148 844 1189 900 Et

131 935 271 988 universa
283 932 430 989 dioecesis
447 936 603 990 consentit.
638 936 739 992 Solum
755 948 869 1009 septem
884 935 1037 992 daemonia
1053 945 1083 992 ct
1094 934 1189 1007 prima

131 1021 244 1078 summi
261 1022 362 1095 templi
380 1039 449 1077 cum
476 1023 590 1095 aliquot
606 1025 641 1079 dc
659 1035 762 1080 senatu
788 1017 975 1081 dissentiunt.
1008 1024 1065 1081 Sed
1088 1022 1147 1081 hos
1162 1026 1190 1091 ¹)
1227 1053 1228 1056 ¹
1285 1088 1289 1095 ,
1326 1028 1329 1035 “

131 1127 257 1186 quoque
281 1121 416 1167 conteret
432 1113 600 1180 Dominus,
625 1113 833 1185 quinconterit
856 1115 964 1170 cedros
989 1112 1103 1170 Libani.
1136 1112 1188 1171 De

131 1202 181 1258 his
200 1202 344 1257 laetemur
369 1202 396 1256 in
416 1201 567 1269 Domino,
593 1205 645 1276 qui
670 1217 808 1278 operatur
828 1205 970 1261 virtatem
991 1203 1189 1278 perverbum

131 1309 244 1361 suum,
261 1308 364 1347 coram
381 1292 478 1348 oculis
496 1293 617 1348 nostris.

156 1448 166 1455 .
201 1398 292 1466 Vide,
310 1408 342 1457 ut
356 1398 489 1454 vicissim
508 1397 579 1453 milri
596 1398 692 1471 aliqua
709 1382 833 1456 scribas.
866 1399 949 1455 llaec
969 1413 985 1454 a
1002 1415 1095 1456 coena
1112 1399 1188 1456 scri.

131 1488 202 1562 psi,
220 1502 288 1543 nstn
299 1488 421 1558 jejunus
439 1504 498 1543 non
515 1487 578 1543 sine
596 1486 727 1559 periculo
743 1489 836 1545 libros
858 1488 1004 1561 inspicio,
1027 1499 1061 1544 ut
1075 1489 1185 1558 mirer,

131 1577 203 1652 qnid
220 1576 282 1632 hoc
299 1578 338 1632 sit
353 1576 469 1646 morbi,
493 1593 529 1631 an
553 1575 697 1649 colaphus
715 1578 852 1646 Satanae,
878 1579 926 1633 vel
950 1578 1041 1650 ipsius
1065 1587 1187 1635 naturae

130 1665 346 1724 sitdebilitas?
379 1665 450 1721 Vale
476 1665 505 1720 in
521 1665 673 1734 Domino,
697 1678 726 1722 st
748 1682 799 1721 ora
818 1683 873 1740 pro
888 1683 948 1722 me.
981 1670 1023 1722 18.
1041 1667 1185 1738 Augusti,

131 1755 322 1816 MDxuut.

805 1821 848 1877 T.
863 1821 1013 1880 Martinus
1029 1821 1153 1887 Luther.
1280 1830 1281 1834 ’

164 2153 359 2230 essesut.
396 2198 399 2209 .
904 2155 1152 2215 Νο.ΜΜο1.Χ.

437 2289 888 2377 tractentrutrttrr.
929 2267 931 2270 Α

247 2433 271 2482 t.
285 2430 361 2482 centn
372 2431 421 2482 tint
434 2432 475 2480 tm
489 2432 522 2478 tn
535 2433 581 2482 dr.
592 2438 615 2479 r.
629 2434 660 2480 tt.
672 2433 946 2495 annrusrrsnrsdrnru
958 2434 1077 2490 duriter.

590 2555 731 2572 m

1169 2254 1182 2287 ι·

196 2649 250 2699 itti
263 2649 442 2703 tturttaters
455 2648 615 2706 unartrutttrr
627 2652 912 2707 sensimsensrm
924 2649 1035 2711 &ctae
1047 2623 1066 2701 l.
1077 2651 1124 2702 til.
1205 2722 1208 2728 Ι

132 2770 283 2872 Gratiam
300 2824 328 2872 et
345 2834 448 2891 pacem
464 2819 493 2873 in
510 2819 641 2874 Christo.
673 2819 714 2874 Ut
729 2816 920 2889 promisimus
936 2814 1027 2871 alium
1042 2814 1141 2870 virum
1157 2807 1188 2893 in

132 2907 238 2963 locum
249 2906 426 2963 Baithasaris
443 2903 593 2978 defuncti,
610 2909 797 2964 ornatissime
805 2908 879 2976 Vir,
897 2907 934 2961 ita
950 2922 1030 2961 nunc
1045 2895 1198 2960 mittimus

133 3009 168 3053 et
184 2997 342 3067 dirigimus
353 2998 387 3052 ad
406 3011 435 3052 te
452 2999 596 3070 optimum
614 2998 787 3066 hominem,
803 2995 850 3053 M.
866 2997 1037 3053 Johannem
1050 2995 1186 3063 Frisium,

134 3102 229 3159 quern
246 3095 276 3141 et
292 3087 353 3142 hoc
370 3089 489 3144 nomine
501 3089 541 3144 Τ.
553 3089 590 3146 Η.
608 3088 766 3158 gratiorem
784 3098 814 3143 et
827 3086 1093 3142 commodatiorem
1110 3085 1186 3154 lore,

134 3175 221 3248 qnod
233 3186 260 3230 et
272 3187 356 3231 antea
367 3177 456 3232 fuerit
467 3177 504 3231 Η.
516 3178 555 3232 Τ.
568 3188 665 3233 notus.
698 3176 818 3250 Accipit
831 3175 918 3246 igitur
930 3175 967 3231 ll.
979 3176 1020 3231 T.
1034 3164 1188 3230 hominem

135 3281 228 3339 quam
239 3261 567 3322 'commendatissimum
576 3305 587 3334 ‚
601 3285 690 3339 quem
708 3283 763 3322 nos
781 3267 898 3336 dignum
911 3264 1079 3337 judicamus
1088 3263 1116 3330 2)
1133 3263 1189 3320 ists

134 3355 313 3424 vocatione,
330 3367 472 3426 quantum
490 3358 566 3429 apud
583 3372 639 3411 nos
650 3356 789 3412 homines
806 3373 874 3411 csse
889 3356 957 3410 licet
974 3365 1004 3410 et
1015 3354 1113 3409 datum
1129 3361 1186 3410 est.

135 3445 220 3503 Nam
236 3443 262 3512 3)
278 3445 351 3520 puis
366 3446 544 3503 ministerio
558 3462 620 3520 per·
635 3464 667 3502 se
684 3454 730 3501 est
746 3447 877 3503 idoneus
893 3444 998 3501 sutis?
1012 3444 1051 3499 ait
1068 3443 1188 3500 Paulus.

135 3536 269 3593 Verbum
287 3547 335 3591 est
350 3536 426 3604 Dei,
447 3528 631 3602 Sacramenta
649 3549 717 3593 sunt
733 3536 794 3592 Dei
801 3533 811 3605 ,’
834 3523 972 3591 Ecclesia
987 3542 1034 3589 est
1051 3533 1133 3602 Dei,
1154 3542 1190 3591 ut

136 3625 244 3695 Angeli
257 3639 324 3680 sere
336 3641 396 3681 non
414 3624 519 3696 dignos
537 3625 597 3680 hoc
615 3624 713 3681 officio
730 3624 916 3693 existiment,
936 3631 966 3678 et
979 3623 1095 3697 cupient
1110 3620 1211 3703 sem-'3²

136 3732 194 3788 per
218 3714 247 3769 in
273 3731 326 3783 es,
352 3730 427 3788 quae
451 3715 604 3783 dicuntur,
630 3714 786 3788 prolicere.
824 3713 996 3783 Dominus,
1022 3713 1074 3788 qui
1099 3704 1197 3772 vocat‘

187 3936 210 3982 tt
229 3934 274 3990 sn
289 3933 355 3993 ortt,
367 3933 409 3984 tntt
422 3942 467 3977 nos
480 3933 566 3986 tenen.
582 3930 692 3986 sarcita
704 3931 757 3981 tter
770 3931 796 3987 tlt
808 3931 854 3981 hus
867 3941 893 3986 tr
906 3931 975 3986 lesen.
1023 3932 1047 3987 l)
1066 3931 1126 3985 Sd.
1143 3943 1189 3982 vo.

137 4018 229 4056 mmor.
278 4004 513 4064 sacristipse.
997 4015 999 4020 ·
