2730 4724
554 250 569 275 Χ

143 332 205 402 264
623 337 714 407 isio.

141 508 250 564 opera,
275 496 459 553 ostendimus
481 498 653 569 dignitatem
679 498 847 556 officiorum
863 497 1013 567 civdium,
1035 464 1186 555 tirenum

138 583 211 652 legis
224 595 253 640 et
264 589 506 656 promissionum.
541 590 682 662 Denique
691 590 790 646 miultis
805 589 934 645 articulis
950 587 1183 644 doctrinaeebri.

140 675 250 729 arianae
275 675 374 732 lucem
398 679 558 735 attulimus.
593 678 625 736 Id
649 696 757 749 negare
782 698 841 735 aon
866 690 994 751 possunt
1018 675 1185 743 adversarii,

139 774 169 818 et
192 765 217 818 ai
235 766 301 820 aine
327 768 472 822 calumnia
489 769 638 824 voluerint
656 770 811 840 judicare,
836 768 921 825 fateri
945 778 1115 839 coguntur,
1137 780 1184 823 nos

137 855 185 928 pia
211 866 240 910 et
267 856 343 910 utilia
367 859 488 912 docere.
523 857 626 933 Quare
652 861 677 913 si
696 860 818 926 volent,
843 858 1058 925 assentiantur,
1083 857 1111 913 ai
1132 873 1184 913 noa

136 944 259 1010 volent,
276 947 426 1017 sequenda
438 947 524 1003 nobis
542 949 596 1003 erit
608 950 708 1016 regula
721 948 821 1011 Pauli:
842 948 881 1005 ur·
892 948 965 1025 quis
981 948 1077 1006 aliud
1084 948 1185 1005 Euan

136 1035 255 1108 pelium
272 1037 425 1106 docuerit,
442 1037 617 1092 anathema
634 1038 686 1094 sit.

203 1165 336 1220 Secunda
364 1183 432 1238 pars
451 1167 670 1223 deliberationis
686 1177 811 1237 nostras¹
831 1177 876 1225 est
893 1169 929 1224 de
950 1168 1042 1224 rebus
1061 1164 1185 1223 externit

136 1254 325 1308 necessariis.
361 1255 421 1310 llas
446 1271 590 1312 vocamus
613 1257 836 1326 abrogationem
860 1257 995 1313 omnium
1020 1257 1186 1321 missarum,

136 1342 292 1415 inquibus
310 1345 434 1412 desunt,
459 1346 509 1417 qui
532 1344 589 1400 und
606 1357 724 1402 utantur
741 1346 949 1415 Sacramenta,
972 1345 1187 1416 abrogationem

136 1434 285 1502 canonis,
311 1435 360 1506 qui
373 1434 460 1504 jubet
477 1436 585 1492 offerre
603 1436 682 1491 illam
699 1436 900 1493 ceremoniam
916 1454 972 1510 pro
991 1437 1056 1493 aliis
1072 1435 1188 1492 vivisca

135 1538 283 1592 mortuas,
318 1525 541 1595 abrogationem
573 1528 727 1587 universae
760 1527 957 1583 invocationis
987 1536 1187 1592 mortuorum,

135 1600 333 1670 directae'vel
351 1613 530 1683 indirectae,
548 1614 770 1684 abrogationem
782 1626 923 1672 votorum
941 1626 969 1671 et
983 1613 1190 1680 monachatus,

113 1710 116 1715 '
137 1702 357 1758 restitutionem
376 1704 508 1775 conjugii
527 1704 713 1759 sacerdotum
730 1714 761 1760 et
776 1704 905 1773 integrae
922 1719 1094 1775 synaxeos,
1112 1703 1190 1759 abro-

139 1794 287 1863 gationem
304 1787 488 1861 magicorum
506 1793 635 1861 rituum,
651 1794 869 1848 consecrandae
886 1810 1000 1865 aquae,
1021 1792 1189 1858 herbarum,

138 1884 277 1938 nolarum
295 1892 322 1936 et
339 1882 478 1937 similium
496 1898 611 1950 rerum,
629 1883 699 1938 item
716 1883 885 1942 funebrium
902 1883 1133 1943 sacrificiorum.

206 2019 311 2075 Minus
338 2030 441 2076 curant
464 2021 564 2091 Reges
589 2023 741 2091 dogmata,
776 2038 864 2092 quam
889 2031 1045 2077 externam
1069 2022 1191 2077 formam

139 2107 368 2183 Ecclesiarutu,
390 2111 458 2165 ideo
475 2110 654 2166 dimicabunt
679 2112 824 2167 acerrime
842 2112 878 2165 de
900 2110 1059 2166 retinendis
1076 2109 1193 2184 privatis

141 2197 284 2267 liturgiis,
309 2199 346 2252 de
364 2214 419 2252 usu
441 2198 528 2253 unius
546 2200 635 2272 partis
653 2199 852 2268 sacramenti,
877 2199 914 2255 de
934 2200 1128 2256 invocatione
1143 2196 1193 2255 Di.

140 2304 263 2342 vorum.
298 2286 444 2343 Fortassis
461 2289 543 2344 etde
562 2289 709 2344 coelibatu
727 2290 897 2358 litigabunt,
914 2290 982 2361 quia
999 2302 1047 2344 est
1062 2305 1194 2345 commo.

141 2377 198 2439 dus
224 2378 339 2433 tuendis
371 2378 477 2448 opibus
504 2380 716 2436 ecclesiasticis
748 2393 776 2436 et
806 2379 957 2452 splendori
990 2381 1193 2437 sacerdotum:

141 2467 328 2537 intelligimus
347 2468 508 2524 Pontifices
535 2480 564 2525 et
581 2470 680 2540 Reges
698 2487 877 2542 magnopere
902 2487 918 2524 a
939 2470 1080 2545 conjugio
1099 2471 1195 2527 Sacer.

144 2559 247 2613 dotum
272 2559 446 2614 abhorrrre:
482 2577 539 2614 nec
563 2546 758 2615 monastica'm
788 2560 910 2615 omnino
942 2559 1053 2614 aboleri
1080 2561 1193 2616 volent:

143 2649 272 2721 denique
283 2660 447 2721 proponent
457 2649 543 2706 uobis
554 2650 774 2705 moderationes
784 2650 993 2706 Mosbemicaa
1004 2651 1047 2715 (2)
1056 2665 1108 2705 aut
1116 2650 1195 2706 Vice.
1219 2648 1223 2663 '

142 2739 253 2807 lianas,
278 2753 352 2811 quae
379 2741 506 2795 retinent
530 2756 640 2795 nervos
665 2741 829 2812 impietatis.
869 2739 1026 2804 Caeterum
1054 2741 1195 2812 quaedam

143 2831 273 2899 vulgaria
290 2830 358 2885 vitia
371 2829 520 2900 jubebunt
537 2830 663 2899 corrigi,
687 2846 761 2900 quae
779 2842 878 2885 tamen
895 2830 958 2884 tolli
975 2846 1037 2885 non
1055 2841 1195 2903 possunt,

143 2920 170 2975 si
199 2920 312 2975 radices
337 2932 484 2975 maneant.
528 2918 715 2994 Quamquam
745 2930 842 2974 autem
867 2937 927 2975 non
958 2920 1139 2976 arbitramur
1164 2920 1196 2975 de

141 3012 235 3067 missa
252 3021 282 3066 et
298 3011 493 3082 applicatione
511 3011 670 3081 quidquam
683 3009 768 3064 uobis
781 3027 981 3067 concessuros
994 3027 1080 3080 ease,
1101 3024 1197 3068 tamen

143 3101 287 3172 fingamus
313 3102 426 3171 aliquos
444 3101 626 3156 decursuros
652 3117 720 3157 esse
745 3102 778 3155 ad
798 3101 947 3159 Gallicum
966 3101 1148 3170 consilium,
1168 3112 1198 3156 ut

143 3192 275 3264 quotidie
293 3192 321 3245 in
339 3191 488 3263 parochiis
505 3192 669 3246 ammissa
687 3191 735 3246 fiat
745 3232 754 3259 ,
776 3191 888 3247 etiamsi
906 3192 1013 3247 desunt
1031 3193 1198 3248 cotnmuni.

142 3294 254 3339 cantes.
288 3283 450 3354 Disputaat
466 3283 559 3347 euim,
584 3281 662 3335 hanc
681 3282 881 3336 ceremoniam
899 3299 967 3338 esse
993 3299 1069 3352 opus
1088 3293 1118 3337 et
1133 3300 1198 3355 spe.

142 3375 310 3440 ctaculum,
328 3390 390 3444 quo
407 3373 515 3442 gratiae
532 3384 677 3441 aguntur,
696 3390 757 3443 qao
773 3372 916 3427 memoria
934 3373 1076 3427 retinetur
1091 3376 1197 3430 naortis

82 3458 92 3469 ’
142 3463 262 3518 Christi.
304 3462 410 3517 Potest
442 3463 529 3532 igitur
554 3479 569 3515 a
595 3462 716 3533 singulis
743 3462 822 3531 lieri,
849 3462 1001 3533 inquiunt,
1031 3475 1062 3515 ut
1092 3465 1197 3535 singuli

140 3564 269 3622 possunt
287 3552 333 3607 vel
352 3551 565 3606 recordationis
584 3567 690 3616 causa,
714 3552 783 3616 vel,
803 3562 835 3606 ut
851 3551 957 3619 gratias
976 3562 1080 3621 agant,
1098 3553 1197 3623 legere

140 3641 298 3697 historiam
316 3642 352 3695 de
365 3652 459 3696 morte
471 3641 598 3708 Christi,
615 3641 663 3696 vel
677 3640 825 3696 Psalmutn
848 3641 974 3711 aliquem
992 3641 1096 3696 eodem
1113 3660 1198 3712 argu.

140 3744 254 3787 mento.
288 3731 369 3787 Haeo
395 3730 533 3803 speciose
558 3730 745 3803 disputantur
770 3748 785 3782 a
809 3732 961 3802 profanis,
986 3732 1037 3802 qui
1062 3731 1196 3789 instructi

141 3832 208 3878 sunt
225 3821 316 3875 literis
334 3831 363 3875 et
381 3819 568 3890 eloquentia,
587 3830 615 3875 et
632 3821 787 3874 conferant
807 3818 863 3873 lios
881 3820 954 3875 ritus
974 3821 1009 3874 ad
1027 3824 1195 3893 spectacula

140 3910 277 3967 Romana
295 3921 343 3964 aut
360 3909 474 3976 Attica,
494 3910 653 3963 memoriae
672 3925 760 3964 causa
782 3909 919 3964 instituta.
953 3909 1095 3966 Videmus
1118 3913 1196 3967 enim

141 4000 237 4058 delabi
255 4000 369 4071 ingenia
384 4000 420 4056 ad
438 4015 543 4074 pravas
561 3999 730 4070 opiniones.
762 3999 817 4055 Sed
831 4016 886 4055 nos
903 4000 1077 4072 simpliciter
1093 4002 1196 4062 decre·
