2730 4724
667 302 758 374 tslt.
1178 297 1240 371 tls

136 456 264 537 ,their
290 459 343 518 sed
367 477 405 519 ne
428 461 491 520 hoc
514 463 632 537 quidem
655 465 738 532 scio,
764 481 801 521 ιιι
825 463 979 539 expediat,
1002 478 1065 521 nos
1087 457 1243 534 torqueri,

131 540 141 643 '¹'
177 553 306 626 quando
323 564 372 610 aut
384 556 537 626 quomodo
555 554 720 628 expeditori
738 567 787 612 aut
804 554 979 628 expediendi
993 555 1067 622 sint,
1086 554 1153 625 quia
1172 550 1239 622 ipsi,

131 646 134 669 ¹
172 651 219 697 {et
235 641 360 710 scribis,
377 661 438 699 non
455 645 595 711 credunt,
608 644 747 700 Turcam
765 660 833 699 esse
850 644 1031 717 expeditum,
1048 642 1239 709 expeditione

176 731 345 801 avaritiae,
371 721 625 802 luxus,'ttsurae,
653 744 682 788 et
706 735 802 805 (quod
829 732 973 789 horribile
998 732 1058 797 est)
1084 741 1240 787 contemtu

175 819 270 876 verbi
302 822 398 892 (quod
428 833 531 893 putant
555 838 623 877 esse
652 822 802 890 hominis,
835 838 895 877 non
920 821 997 888 Dei)
1024 820 1238 894 impeditissimi

176 908 391 982 impert-nores.
432 911 503 982 Ego
523 911 709 967 heri‘litera's
735 913 837 983 accepi
871 928 911 967 ex
935 913 1054 979 Silesia,
1087 928 1161 982 quas
1186 911 1237 967 tibi

176 998 273 1056 mitto
289 1001 357 1069 (sed
374 1001 407 1056 'ut
419 1003 579 1069 remittas),
595 1018 670 1074 quae
691 1018 738 1055 me
756 1017 850 1073 prope
868 1002 1071 1069 occidissent,
1082 995 1238 1056 'videntem

177 1087 225 1147 iu
242 1090 412 1146 conculcari
431 1090 521 1148 lilium
540 1092 600 1147 Dei
627 1092 655 1147 in
677 1108 733 1147 suo
751 1091 845 1146 verbo
870 1101 900 1147 et
920 1102 1122 1148 sacramento:
1147 1107 1238 1162 quem

178 1179 244 1236 etsi
261 1184 311 1248 (nt
322 1172 469 1246 carnales)
487 1181 619 1250 frigidius
638 1198 786 1248 amamus,
803 1194 899 1237 tamen
917 1181 942 1237 si
957 1182 1055 1236 nullus
1073 1193 1117 1237 est
1129 1196 1237 1236 sensus

179 1269 217 1326 ia
235 1268 338 1339 nobis,
361 1287 421 1325 non
439 1287 561 1344 possem
577 1272 655 1326 lerre
673 1287 799 1343 porcum
824 1282 872 1326 aut
888 1287 993 1326 canem
1013 1270 1118 1325 talibus
1135 1270 1238 1326 verbis

177 1361 353 1415 contemni:
378 1373 488 1432 quanto
512 1362 608 1417 minus
634 1360 734 1428 illum,
760 1377 850 1433 quem
873 1361 977 1416 saitem
1000 1375 1089 1433 parva
1113 1346 1240 1415 scintilla

180 1451 279 1508 credo
295 1467 362 1508 esse
379 1453 469 1508 filium
482 1453 541 1508 Dei
560 1464 589 1509 et
606 1452 816 1521 Scheblimini,
835 1461 863 1508 et
880 1468 934 1524 pro
951 1468 1020 1508 mco
1038 1451 1152 1507 infirmo
1171 1467 1238 1521 erga

181 1542 278 1599 talem
302 1543 480 1598 salvatorem
508 1543 634 1600 animam
661 1561 781 1615 ponere.
825 1543 879 1597 Sed
906 1542 1057 1598 Carlstsdii
1091 1543 1143 1598 ista
1169 1551 1240 1599 sunt

180 1643 336 1690 monstras
353 1650 389 1687 an
406 1634 522 1689 mitiora
533 1634 580 1688 vel
598 1631 712 1688 minora
730 1634 809 1701 sint,
827 1650 902 1705 qnae
920 1633 956 1687 de
967 1632 1076 1688 nostris
1089 1632 1238 1701 dicuntur,

182 1739 238 1780 res
249 1719 410 1783 ostendet.
429 1723 479 1796 qui
496 1723 608 1779 dicunt:
625 1721 676 1791 {itit
694 1721 741 1782 llll
759 1735 821 1782 ttttl
832 1719 932 1791 busli
946 1726 1008 1781 nrt
1023 1721 1099 1794 {tage
1117 1721 1155 1790 tdt
1173 1721 1237 1791 aad)

181 1813 230 1870 D·
254 1805 422 1874 masillias?
457 1813 584 1888 Quando
614 1831 702 1882 ergo,
731 1813 830 1884 igitur,
856 1813 943 1882 ideo,
971 1812 1085 1892 idcirco
1109 1814 1238 1870 mundus

183 1903 276 1959 talem
294 1903 413 1972 gretiam
431 1903 527 1958 reddit
543 1901 629 1957 nobis
647 1901 744 1957 adhuc
755 1902 942 1970 viventibus,
959 1919 1014 1957 cur
1030 1919 1167 1970 oramus,
1186 1917 1241 1956 cor

184 1991 296 2047 soliciti
312 2007 436 2061 sumus,
461 2009 499 2047 ne
516 1991 742 2046 Mahometious
760 1992 864 2048 Turca
888 1992 961 2047 tales
985 1990 1183 2058 christianos,
1210 1998 1241 2046 et

184 2081 308 2156 pejores
326 2081 437 2137 Turois
454 2079 479 2146 ¹)
505 2082 638 2138 occidit?
672 2081 766 2156 Quasi
782 2098 843 2136 non
869 2081 906 2136 sit
923 2080 1045 2150 melios,
1070 2082 1096 2136 si
1117 2081 1239 2136 omnino

184 2172 300 2228 Turcis
317 2171 506 2228 serviendum
530 2185 592 2239 est,
615 2171 724 2227 Tuscis
741 2171 878 2227 hostibus
902 2181 931 2226 et
957 2172 1124 2239 extraneis,
1149 2186 1240 2243 quam

184 2261 303 2319 Tuscis
329 2262 430 2317 amicis
455 2271 485 2317 et
507 2261 680 2317 domesticis
705 2260 872 2330 subjacere.
904 2260 946 2317 Et
962 2262 987 2316 si
1013 2262 1068 2334 ipsi
1089 2261 1184 2316 rident
1209 2260 1240 2315 in

186 2351 318 2426 peccatis
344 2353 406 2406 suis
424 2351 541 2418 Deum,
568 2351 659 2407 rideat
684 2361 716 2405 et
736 2350 826 2406 Deus
852 2351 879 2405 in
903 2352 1033 2424 peccatis
1058 2367 1181 2419 eorum,
1207 2360 1240 2406 ut

186 2444 267 2500 sicut
284 2443 339 2513 ipsi
350 2443 453 2497 Deum
470 2459 530 2496 non
548 2442 666 2495 audiunt
683 2442 872 2512 loquentem,
891 2452 1041 2509 orantem,
1058 2441 1239 2508 hortantem,
1321 2445 1324 2449 ’

186 2533 414 2600 obsecrantem,
432 2532 529 2585 omnia
548 2532 720 2600 facientem,
739 2533 911 2603 patientem,
934 2533 1095 2599 serentem,
1113 2532 1239 2603 denique

187 2622 222 2676 in
246 2622 335 2676 corde
360 2620 452 2678 Nohe
478 2622 645 2689 dolentem,
679 2630 709 2675 et
733 2621 761 2675 in
787 2621 843 2692 piis
870 2621 1024 2692 prophetis
1047 2621 1238 2690 clamantem,

187 2727 275 2767 mane
292 2720 476 2781 surgentem:
494 2711 538 2764 sio
555 2712 619 2781 ipse
636 2711 769 2765 vicissim
788 2712 815 2764 in
833 2710 993 2780 perditione
1011 2711 1159 2781 ipsorum,
1176 2713 1240 2765 ulu.

187 2793 314 2868 lacteas
333 2802 475 2871 ejulantes
500 2809 528 2853 et
558 2801 665 2854 frustra
694 2799 853 2854 clamantes
885 2815 981 2870 neque
1003 2801 1115 2868 audiat,
1141 2816 1238 2870 neque

187 2891 274 2946 visat.
289 2892 317 2956 ²)
351 2890 423 2950 blan
436 2888 509 2947 nilis
526 2887 553 2954 lo
572 2888 670 2958 talem
688 2885 720 2953 lc
733 2886 843 2956 ttllltnr
860 2886 910 2955 tol
927 2887 998 2949 dett
1015 2886 1078 2955 let„
1095 2887 1240 2957 stillost

185 2979 242 3039 trit
264 2980 361 3045 telttts
388 2977 442 3038 ant
465 2977 545 3050 ltqttt
570 2976 648 3046 badi:
677 2979 826 3032 Nolumus
851 2979 961 3033 audire.
995 2979 1130 3035 Summa:
1157 2979 1240 3033 iuriis

187 3071 309 3126 furiosis
334 3078 480 3139 aguntur,
503 3068 568 3139 quia
593 3070 634 3121 ira
657 3067 715 3122 Dei
741 3067 875 3138 pervenit
896 3083 986 3139 super
1009 3083 1061 3121 eos
1089 3084 1183 3139 usque
1210 3068 1239 3124 ln

187 3160 289 3216 finem.
307 3159 424 3233 ‚Quare
441 3175 512 3227 ergo
530 3168 651 3229 propter
675 3157 749 3211 istos
768 3157 899 3227 perditos
916 3173 973 3213 nos
989 3157 1137 3212 conficere
1154 3159 1240 3213 volu.

185 3235 278 3305 mus?
311 3247 403 3305 Mitte
417 3232 539 3310 vadere,
557 3246 634 3300 siout
646 3245 729 3299 vadit.
765 3245 894 3300 (iremus
909 3261 981 3310 nos,
999 3257 1027 3301 et
1038 3245 1240 3304 sanctificetur

186 3355 297 3394 nornen
315 3337 394 3404 Dei,
417 3348 446 3391 et
471 3336 603 3390 adveniat
621 3352 741 3402 regnum
767 3337 849 3404 ejus,
874 3334 980 3406 fiatque
1002 3337 1138 3390 voluntas
1163 3337 1239 3406 ejus.

189 3428 311 3482 Interim
328 3427 442 3494 valeat,
460 3434 580 3497 pereat,
599 3426 737 3493 perdatur
755 3424 889 3480 mundus.
922 3422 974 3493 θῶ
991 3423 1049 3484 nid
1066 3422 1239 3499 llllgtlllgtl

190 3516 274 3597 tolon
292 3515 339 3583 fat
355 3513 439 3584 ltltlpt
455 3513 615 3583 ldilttlldrr
633 3514 745 3571 Furias.
784 3590 788 3593 .

253 3636 342 3692 Nova
357 3638 453 3704 nulla,
469 3638 524 3691 nisi
542 3636 621 3709 quod
634 3636 676 3690 D.
686 3633 841 3707 Philippus
859 3633 930 3690 mihi
947 3645 1061 3704 narrat,
1079 3652 1095 3691 e
1112 3636 1239 3693 Polonia

190 3728 336 3797 scriptum
362 3727 435 3793 sibi,
461 3728 595 3783 Turcam
620 3724 774 3780 ordinasse
793 3723 869 3779 duos
894 3724 1067 3795 exercitus,
1094 3743 1183 3782 unum
1208 3726 1237 3785 in

241 3978 263 4026 ll
279 3976 360 4026 fflttnt.
374 3976 398 4026 ll.
410 3974 509 4025 Tuscu.
556 3975 580 4024 2l
594 3975 675 4025 metat.
688 3973 713 4027 tl.
725 3972 835 4029 auditos,
847 3972 924 4024 risos
