2730 4724
643 342 732 412 tsls.
1152 341 1213 411 575

153 500 227 575 quin
243 501 292 557 ilie
309 517 379 558 sese
396 501 425 558 in
442 518 538 559 meam
556 512 734 576 potestatem
752 513 832 559 totns
850 501 938 559 dedit.
972 500 1013 558 Et
1031 518 1086 573 ego
1101 517 1155 573 pro
1174 517 1212 556 eo

152 591 330 658 intercedo,
348 602 380 647 ut
397 605 426 648 et
441 604 473 648 tu
490 597 516 658 ¹)
543 594 616 650 mihi
633 596 754 650 nomine
771 595 866 659 illius,
894 603 924 648 et
948 592 988 647 illi
1006 592 1125 647 nomine
1141 608 1212 646 meo

152 683 263 737 reddas
292 694 426 754 pacatum
456 695 486 739 et
512 683 683 753 benignum.
719 685 754 740 ln
778 685 912 740 Domino
940 683 1017 738 bene
1042 684 1118 738 vale.
1134 676 1212 738 'ch

151 770 386 843 Margarethee,
404 791 482 829 anno
498 772 687 830 MDXLIII.

339 853 345 864 '
556 852 559 857 ’
767 857 822 914 T.
838 854 986 911 Martinus
1001 853 1120 911 Lnthet
1134 854 1178 912 D.

186 1178 385 1252 iunium.
946 1160 1200 1245 Nummum(

545 1336 595 1407 itu
616 1335 813 1417 stult-ott.

175 1486 235 1537 tim
247 1481 294 1537 ddi
306 1487 381 1544 idmst
393 1486 562 1546 naulorum
572 1494 641 1544 stetit
653 1493 708 1545 nod
720 1496 872 1549 menmium
885 1502 909 1540 et
922 1491 1001 1547 uitet
1013 1492 1042 1540 u
1054 1496 1133 1545 tutent
1145 1489 1183 1538 nt

533 1566 636 1620 euntem
649 1567 723 1619 {tinet
736 1567 826 1615 simut.

609 1701 751 1723 ,ιι-

202 1790 252 1843 Gltt
260 1792 334 1844 situ
342 1795 381 1844 bei
390 1795 472 1849 sstitll
482 1803 527 1845 too
535 1800 577 1846 tut
586 1798 699 1848 wotttu:
710 1798 765 1844 Tibi
775 1810 829 1845 esse
839 1797 967 1844 molestum
976 1799 1022 1844 etc.
1032 1797 1072 1847 dtu
1082 1794 1208 1841 decidua

149 1864 226 1919 dors
235 1866 262 1912 L.
270 1867 309 1913 lli.
322 1873 383 1916 sect.
393 1872 427 1919 27.
440 1872 458 1924 l.
468 1874 511 1918 112,
525 1874 616 1929 pitz,
630 1876 670 1923 ben
683 1872 950 1918 strobel-ttanner
963 1883 985 1928 p.
994 1874 1039 1918 stu.
1060 1868 1206 1924 soliditatis

149 1939 197 1986 ent
210 1941 408 1996 percensuimus
426 1944 464 1991 tet
482 1945 592 1996 eutem
609 1945 809 2000 &untttottut
828 1947 931 1999 nuzino
948 1945 988 1996 itu
1002 1942 1113 2000 &duee
1126 1942 1144 1988 l.
1157 1944 1204 1990 268.

149 2013 212 2067 aeni.
224 2014 390 2062 Auriraber
402 2016 444 2063 111.
458 2017 476 2063 l.
489 2019 536 2067 dut.

150 2147 209 2239 G·
228 2187 258 2248 e‘t
269 2194 305 2250 Ρ.
317 2196 346 2249 in
358 2196 501 2253 Domino.
534 2197 603 2254 Nec
614 2198 702 2253 hodie
715 2197 844 2268 cogitare
863 2198 983 2264 desino,
1001 2197 1040 2252 mi
1052 2195 1206 2275 Episcopo

149 2284 335 2354 reverende,
359 2303 491 2358 quonam
509 2299 641 2360 tempore
659 2292 775 2344 tandem
800 2289 835 2343 ud
853 2301 881 2344 te
897 2289 1023 2343 veniam.
1056 2287 1118 2342 Per
1133 2285 1206 2355 hye.

151 2388 235 2428 mem
253 2392 313 2429 non
337 2376 424 2430 licuit.
458 2377 534 2433 Post
551 2378 751 2434 Pentecosten
775 2379 897 2433 omnino
920 2391 1079 2432 statueram
1104 2377 1207 2431 certis.

150 2464 243 2532 sime,
272 2481 338 2519 num
366 2468 462 2521 omnia
492 2469 721 2536 adornavetum,
748 2468 800 2523 sed
825 2485 858 2522 en
883 2469 1006 2522 varietus
1031 2466 1205 2522 valetudinis

148 2554 224 2623 suit,
249 2566 356 2610 utnon
381 2559 518 2611 auderem
536 2568 648 2613 tentare
667 2559 906 2631 profectionem,
931 2571 959 2612 et
983 2557 1079 2612 adhuc
1097 2556 1208 2626 hodie,
1230 2626 1233 2633 .

151 2644 215 2698 imo
232 2644 296 2699 heri
315 2663 435 2718 quoque
459 2664 549 2718 paene
571 2649 769 2703 concidissent
786 2663 936 2718 syncope,
963 2647 999 2700 ita
1025 2658 1056 2700 ut
1073 2647 1204 2717 quotidie

150 2735 259 2790 mortis
277 2735 381 2789 horam
400 2737 544 2809 suspicari
562 2754 610 2791 me
627 2749 772 2807 oporteat.
808 2737 845 2790 Et
870 2737 979 2790 utinum
998 2736 1086 2791 Deus
1104 2748 1206 2807 quam.

149 2826 281 2897 primum
294 2825 371 2880 bonu
390 2828 484 2898 eliqua
497 2827 570 2880 hora
589 2829 690 2898 eripiat
709 2843 748 2882 ex
765 2829 822 2882 isto
841 2843 932 2895 tegno
945 2826 1079 2880 Satanico
1094 2824 1206 2882 mundi.

148 2912 220 2970 'libi
246 2931 314 2969 esse
330 2916 489 2970 molestum
516 2916 603 2970 istum
620 2915 850 2987 Episcopum,
878 2916 965 2969 etiam
991 2916 1054 2969 sine
1078 2928 1107 2968 te
1130 2926 1205 2969 teste

149 3003 236 3058 valde
254 3005 361 3058 credo:
382 3006 433 3059 sed
450 3004 477 3070 2)
502 3008 637 3060 voluntas
656 3005 715 3059 Dei
734 3015 826 3058 estet
844 3005 915 3072 fuit,
935 3004 970 3057 de
989 3020 1045 3074 qun
1063 3003 1204 3058 dicimus:

152 3080 230 3147 Fiat
246 3092 395 3147 volumtas
412 3101 484 3162 tua,
508 3095 536 3150 in
561 3111 617 3163 qun
635 3094 722 3148 nobie
742 3094 916 3160 vivendum,
941 3093 1107 3146 laetandum
1130 3102 1161 3146 et
1176 3087 1205 3156 ³)

149 3181 308 3237 ferendum
325 3193 371 3237 est
388 3198 493 3249 omne,
512 3182 594 3253 quod
612 3182 760 3237 acciderit.
795 3183 821 3235 Si
836 3181 944 3235 nemini
958 3182 1068 3252 placet,
1087 3179 1204 3247 sufficit,

150 3272 227 3326 illius
244 3271 386 3326 voluntati
405 3276 515 3342 optime
534 3273 698 3343 placuisse,
724 3271 804 3342 quod
823 3270 964 3336 facimus,
989 3283 1037 3323 aut
1057 3270 1137 3341 quod
1156 3286 1206 3342 pa.

107 3344 115 3357 ’
151 3362 251 3415 timue.
298 3361 367 3433 lpse
392 3363 494 3416 reddet
520 3378 576 3416 suo
603 3373 736 3430 tempore
760 3359 864 3427 nobis,
895 3359 944 3429 qui
968 3359 1114 3426 ⁸voluntati
1139 3360 1203 3429 ejus

150 3449 261 3516 bonae,
278 3451 348 3504 licet
361 3451 525 3520 incognitae
537 3464 567 3504 et
579 3448 750 3514 insensibili,
768 3465 822 3503 nos
839 3448 1044 3501 obtulerimus.
1079 3443 1205 3504 Miseria

151 3550 217 3607 est,
243 3540 270 3592 in
288 3554 345 3610 qua
361 3538 453 3592 vivis:
480 3538 532 3594 sed
551 3555 583 3591 ea
602 3538 758 3606 conjunctu
781 3548 825 3590 est
844 3552 911 3588 cum
930 3536 1020 3604 gloria
1041 3548 1157 3591 aeterna
1174 3546 1206 3595 et

150 3627 338 3698 beneplacito
357 3629 433 3695 Dei,
460 3629 603 3697 quianon
629 3629 695 3694 tibi,
722 3627 774 3680 sed
798 3628 861 3695 ejus
883 3626 1026 3681 voluntati
1054 3629 1148 3683 servis
1168 3627 1204 3683 in

150 3716 209 3772 lmc
227 3719 380 3772 servitute.
411 3718 531 3773 Deinde
548 3717 790 3788 impedimentum
809 3727 854 3770 est
873 3716 1003 3770 Diabolo
1022 3728 1050 3771 et
1068 3719 1146 3786 suis,
1164 3736 1203 3774 ne

150 3808 227 3862 mala
245 3808 327 3880 plura
345 3808 463 3861 luciam.
497 3807 537 3861 Et
554 3806 645 3873 absit,
671 3817 703 3859 ut
722 3805 893 3877 Episcopus
911 3821 992 3862 esses
1010 3807 1113 3863 similis
1138 3809 1202 3865 istis

200 4015 222 4068 1)
234 4015 308 4065 diitil.
322 4017 347 4060 te
360 4017 393 4063 et.
441 4016 463 4066 2)
477 4015 498 4059 S.
513 4017 539 4059 Α.
554 4018 569 4065 τ
583 4014 644 4070 quia,
693 4017 715 4065 3)
734 4014 756 4058 5.
769 4037 793 4049 -
806 4015 838 4059 el.
