2730 4724
623 383 726 455 till.
1133 381 1206 452 ⁴lol

174 556 176 560 ·
201 539 660 601 anuescentraeneannnn
678 543 808 606 rasurae
824 543 1079 602 meatuum.
1104 541 1211 593 neutro
1271 524 1273 528 ’

153 613 193 665 ita
206 614 302 664 wald
315 616 378 662 xxi.
392 619 451 666 tall.
476 618 531 667 tute
544 619 617 671 satta
628 619 794 671 ausinter
807 618 849 667 ΙΙΙ.
860 619 877 666 t.
887 620 932 669 sta.
946 612 1088 674 anatinam
1101 618 1139 664 tet
1151 619 1206 665 oter

150 689 256 742 iutedte
269 690 379 740 inerter
392 693 440 744 tat.
482 734 485 741 .

152 835 282 908 Optimo
311 837 413 908 Viro,
439 838 508 897 Dn.
536 839 591 895 M.
616 839 761 897 Antonio
788 835 1012 908 louterdacla,
1039 836 1206 895 Ecclesiae

217 926 390 987 Pnaemts
411 928 569 1000 Episcopo
594 936 624 984 et
648 928 871 985 Eecusiarum
893 928 1074 984 vicium-um
1091 928 1206 1001 Inspee

202 1014 301 1072 ›ctori
307 1017 520 1089 fidelissimo,
535 1035 593 1075 suo
601 1017 715 1090 fratri
730 1017 923 1075 charissimo
934 1017 976 1074 in
992 1017 1144 1074 Domino.

150 1161 298 1265 Gratiam
311 1221 340 1265 et
350 1210 387 1269 P.
421 1211 525 1286 Quum
536 1211 608 1268 nihil
621 1223 718 1282 essct,
736 1213 817 1285 quod
828 1213 1008 1281 scriberem,
1026 1211 1066 1267 mi
1080 1211 1205 1282 Antoni,

146 1299 216 1354 hoc
239 1301 338 1371 ipsum
360 1314 458 1358 tamen
480 1303 614 1369 scribere
636 1306 737 1374 volui,
764 1306 845 1378 quod
870 1305 942 1362 nihil
964 1303 1106 1361 haberem
1131 1305 1206 1361 acri.

149 1388 304 1458 bendum,
321 1391 437 1462 potius,
458 1409 546 1463 quam
564 1405 597 1448 ut
608 1395 701 1450 literis
714 1395 771 1449 tuis
783 1412 845 1449 uon
859 1393 1084 1467 responderem.
1116 1392 1204 1467 Deus

149 1480 303 1535 consonet
317 1480 488 1553 Principem
507 1481 678 1538 Mauritium
703 1485 732 1538 in
749 1484 805 1540 lide
822 1500 893 1539 vera
913 1494 943 1539 et
960 1483 1060 1554 politis
1077 1483 1206 1540 salutari.

144 1568 203 1624 -De
217 1568 318 1623 Tusca
335 1571 413 1625 forte
430 1572 528 1627 omnia
545 1573 661 1627 audisti.
694 1572 762 1642 Ego
773 1588 865 1644 paene
880 1572 917 1627 de
929 1568 1089 1630 Germania
1101 1573 1206 1644 despe-

144 1656 234 1726 πή,-
259 1671 415 1732 postquam
433 1662 546 1733 recepit
570 1662 646 1717 inter
661 1663 789 1734 parietes
809 1678 900 1718 veros
924 1662 991 1717 illos
1009 1662 1128 1717 Tuscas
1150 1677 1206 1718 sata

151 1765 246 1805 veros
264 1750 331 1806 illos
348 1751 500 1821 diabolos,
524 1752 690 1819 avaritiam,
707 1768 846 1822 usuram,
870 1752 1072 1824 tyrannidem,
1090 1753 1206 1808 discor.

150 1838 232 1894 diam
248 1850 385 1896 ettotam
403 1841 480 1896 illam
497 1842 608 1897 lernam
626 1842 782 1915 perfidiae,
800 1843 925 1899 malitiae
942 1853 972 1898 et
988 1842 1152 1914 nequitiae,
1176 1841 1206 1898 in

146 1927 327 1996 nobilitate,
340 1930 370 1984 in
387 1931 478 1999 aulis,
496 1930 526 1985 in
543 1931 651 1997 curiis,
668 1930 698 1986 in
715 1930 850 2004 oppidis,
869 1931 899 1986 in
914 1931 1008 2000 villis,
1026 1929 1207 2004 superhaec

150 2013 252 2074 autem
264 2031 449 2075 contemtum
460 2019 544 2075 verbi
562 2030 592 2075 et
609 2019 845 2089 ingratitudinem
857 2020 1025 2076 inauditam.
1058 2021 1112 2076 His
1124 2020 1206 2077 Tur.

146 2109 199 2164 cia
216 2108 390 2164 saevissime
407 2119 437 2164 et
454 2109 599 2164 serissime
615 2109 690 2164 intra
703 2124 759 2165 nos
777 2109 978 2180 regnantibus,
996 2109 1066 2182 quid
1083 2126 1205 2180 agemus

148 2197 282 2254 -l'eliciter
299 2209 408 2254 contra
418 2199 494 2254 istos
505 2200 637 2254 carnales
649 2198 787 2255 Tuscae?
821 2199 908 2256 Deus
920 2201 1095 2256 misereatur
1110 2199 1205 2256 nostri

145 2298 184 2342 et
201 2286 344 2342 illuminet
360 2287 473 2342 vultum
491 2303 579 2341 suum
595 2303 769 2360 supernos.
801 2287 967 2344 Nam'dum
984 2300 1088 2344 contra
1099 2289 1206 2346 hostes

151 2376 270 2434 Turcas
288 2391 426 2440 oramus,
443 2376 633 2430 metuendum
651 2387 715 2443 est,
732 2393 769 2430 ne
782 2377 906 2448 Spiritus
923 2378 1069 2434 orationes
1085 2389 1204 2434 nostras

151 2466 295 2533 intelligat
316 2476 420 2520 contra
443 2481 534 2519 veros
554 2465 673 2521 Turcss
691 2481 707 2517 a
724 2464 809 2518 nobis
826 2465 1095 2521 consentientibus
1113 2465 1205 2534 orari,

149 2565 184 2610 et
201 2557 238 2610 itt
256 2570 311 2610 nos
330 2555 467 2612 exaudiat
484 2564 586 2609 contra
604 2570 678 2623 nos,
702 2565 799 2609 tamen
816 2554 903 2609 simul
921 2573 976 2626 pro
995 2556 1091 2612 nobis.
1125 2556 1205 2613 Natu

151 2643 214 2700 hoc
230 2645 316 2699 video
335 2646 486 2711 futurum,
509 2644 564 2698 uisi
581 2644 702 2698 Tuscae
721 2643 851 2714 tyrannis
869 2659 990 2700 nostros
1012 2646 1127 2701 nobiles
1145 2657 1205 2702 ter.

152 2745 214 2789 reat
231 2743 259 2789 et
275 2735 427 2802 humiliet,
445 2734 596 2791 saeviores
615 2734 728 2804 passuri
746 2749 849 2789 sumus
867 2750 920 2788 eos
939 2744 1094 2805 tyrannos,
1115 2751 1204 2807 quam

150 2826 274 2886 Tuscae
301 2836 378 2881 sunt.
412 2825 543 2881 Omnino
569 2825 648 2878 enim
665 2824 793 2893 cogitent
817 2825 939 2895 laqueos
963 2841 991 2880 et
1010 2837 1126 2882 catenas
1143 2843 1204 2881 ma.

148 2917 239 2971 atibus
257 2916 428 2986 Principum
445 2925 472 2969 et
489 2914 650 2986 compedes
668 2913 783 2968 civibus
801 2925 830 2969 et
847 2914 964 2969 rusticis
982 2915 1122 2985 injicere,
1143 2932 1205 2972 ma.

111 3039 118 3053 ·
147 3006 231 3060 xime
244 3022 319 3060 vero
331 3004 422 3059 literis
435 3014 464 3057 et
476 3003 607 3058 literatis.
641 3002 684 3057 lta
695 3003 868 3057 servitutem
880 3005 1011 3075 papatem
1026 3004 1205 3062 ulciscentur
1222 3032 1229 3048 ·

152 3095 295 3172 sep-vitute
311 3112 389 3149 nova
413 3094 592 3166 populorum
617 3092 675 3146 sub
699 3108 787 3163 manu
812 3092 979 3149 nobilitatis.
996 3095 1022 3159 ¹)
1055 3094 1112 3149 Sed
1129 3094 1205 3150 haec

152 3188 233 3241 catis.
268 3185 377 3240 Salutat
402 3195 431 3239 te
461 3194 488 3236 et
513 3193 577 3237 tuas
603 3182 703 3237 ambus
728 3199 793 3237 mea
819 3183 932 3259 Ketlm.
960 3185 1060 3239 itidem
1089 3195 1118 3240 ct
1145 3201 1202 3241 nos

151 3292 276 3344 omnes,
303 3286 331 3329 et
359 3289 588 3346 comprecemur
617 3281 646 3326 et
672 3288 832 3328 cooremus
862 3273 1045 3341 Dominum,
1072 3275 1096 3329 si
1125 3277 1202 3332 forts

151 3366 361 3439 poeniteutiam
385 3366 432 3419 det
442 3363 553 3430 nobis,
577 3371 615 3417 et'
629 3372 741 3416 avertat
764 3363 908 3432 flagellum
927 3364 1108 3421 Turcicums
1134 3382 1203 3422 nam

151 3461 214 3511 sine
240 3455 376 3524 singulari
402 3455 461 3509 Dei
487 3452 597 3507 auxilio
622 3468 702 3507 arma
726 3462 827 3508 nostra
852 3464 883 3508 et
905 3453 961 3510 riri
987 3455 1066 3510 nihil
1084 3456 1225 3513 facient..

151 3546 237 3617 vigil.
255 3544 396 3613 Martini,
415 3542 566 3601 MDXLL

785 3688 826 3748 Τ.
842 3688 989 3748 Martinus
1005 3689 1168 3780 Lutlterus.

201 4067 222 4115 t)
239 4065 320 4114 ilttm.
334 4063 358 4114 t.
372 4061 503 4110 nobilitari.
