2730 4724
326 346 390 415 312
807 347 897 417 1511.

327 507 421 562 adest.
439 492 466 571 1)
499 509 616 578 Agant,
640 509 781 581 quioquid
801 516 928 582 possunt
943 506 1084 577 Henrici,
1106 504 1275 579 Episcopi,
1361 538 1365 545 «

325 600 401 653 adeo
419 597 542 667 Turca,
567 609 598 654 et
615 600 679 669 ipse
696 600 791 656 Satan.
825 599 896 655 Nos
913 596 995 668 regni
1013 596 1063 653 filii
1079 612 1206 666 minus,
1232 594 1285 668 qni
1335 617 1338 633 =
1353 619 1363 635 ι

326 698 510 757 consputum
526 688 554 752 ²)
581 700 611 743 et
634 689 769 743 occisum
789 689 888 744 denuo
911 687 948 742 ab
972 686 1035 744 istit
1052 685 1190 743 Henricis
1205 685 1332 742 silanos
1354 707 1364 724 ι

324 773 453 831 colimus
472 788 501 832 et
519 790 738 849 exspectamus.
753 775 785 847 ³)

390 888 495 959 Relegi
519 890 627 945 librum
650 906 750 946 meum
772 902 875 947 contre
891 892 980 947 istum
996 890 1163 947 Diabolum
1179 887 1358 945 Mezentium

323 987 354 1033 et
371 970 400 1045 ⁴)
418 981 529 1048 miror,
555 982 626 1052 quid
652 981 726 1035 milti
751 981 913 1049 acciderit,
938 992 970 1037 ut
994 992 1052 1036 tam
1076 979 1249 1035 moderatus
1266 978 1314 1032 fue
1331 976 1357 1023 ἰ

323 1067 450 1140 Deputo
471 1071 500 1124 id
512 1071 670 1125 valetudini
688 1071 791 1142 capitis
801 1111 811 1141 ,
825 1087 900 1144 quae
911 1087 972 1126 non
984 1080 1030 1126 est
1041 1085 1127 1143 passa
1139 1068 1272 1125 animum
1280 1082 1365 1123 meu

321 1158 471 1213 erectiore
490 1171 518 1213 et
536 1160 695 1216 valentiore
712 1160 824 1233 impetu
841 1152 872 1228 ⁵)
896 1173 1022 1233 raptum.
1056 1159 1114 1214 Sed
1132 1159 1251 1227 redeat,
1275 1156 1300 1213 si
1315 1155 1356 1210 D·

321 1246 421 1303 minus
435 1249 526 1303 volet.
561 1251 722 1305 Tractasse
737 1257 835 1307 ta'men
846 1243 872 1317 6)
884 1267 932 1306 me
945 1265 1009 1306 rem
1021 1239 1053 1318 7)
1069 1248 1285 1321 aliquantulum
1296 1246 1363 1317 jura

321 1338 361 1394 tle
374 1337 527 1394 Ecclesia.
555 1340 700 1395 valetudo
711 1357 778 1396 mea
793 1341 931 1414 proiecit.
965 1338 1066 1415 Quem
1082 1349 1115 1394 tu
1128 1336 1312 1410 prophetasti
1329 1334 1345 1388 t

321 1440 399 1484 xtnn
416 1443 483 1483 case
501 1419 621 1500 canitis,
640 1446 711 1484 vere
729 1430 880 1500 intellexi,
901 1428 970 1501 qnid
988 1428 1221 1500 fluxuscapitis.
1236 1420 1271 1494 ⁸)
1302 1425 1331 1482 N
1355 1450 1365 1468 ι

319 1528 437 1572 tantum
455 1518 646 1591 phlegmatis,
664 1511 690 1584 9)
717 1519 876 1575 rheumatis
892 1521 930 1585 ¹⁰)
955 1530 983 1574 et
1007 1519 1125 1592 pituitae
1149 1535 1205 1591 per
1223 1517 1334 1573 collum
1349 1531 1363 1569 e

321 1625 410 1664 nares
429 1608 599 1678 descendit,
627 1619 659 1664 ut
684 1610 776 1665 mirer
798 1608 1012 1680 vehementer,
1038 1609 1192 1681 quomodo
1212 1601 1303 1680 caiam
1319 1606 1359 1678 ja

321 1700 412 1755 senio
437 1709 467 1754 et
489 1700 591 1754 labore
615 1701 741 1755 fractum
766 1701 819 1756 ista
840 1712 975 1756 monstra
991 1699 1067 1772 apud
1084 1716 1118 1755 se
1135 1700 1213 1754 intus
1231 1700 1312 1754 lerre
1336 1723 1357 1743 ··

320 1789 426 1856 tuerit,
440 1802 467 1845 et
478 1807 539 1845 non
551 1790 649 1861 potius
663 1790 783 1860 singulis
795 1789 878 1845 horis
891 1790 1064 1862 apoplexia,
1080 1789 1212 1857 vertigo,
1228 1787 1364 1860 epilepsia

322 1890 354 1934 et
371 1879 396 1935 si
414 1896 471 1950 quu
482 1860 660 1948 ¹¹)'similia,
677 1896 726 1934 me
744 1879 843 1935 subito
857 1879 1078 1950 prostraverint.
1110 1877 1254 1950 Denique
1266 1878 1304 1943 ¹²)
1322 1894 1354 1931 co

322 1967 414 2023 lectis
431 1968 544 2023 viribus
557 1965 653 2039 in'pus
666 1969 745 2025 verti
757 1966 856 2024 fluxus
874 1969 903 2023 in
915 1984 1016 2023 aurem
1030 1968 1141 2034 laevem
1152 1967 1199 2022 die
1211 1966 1348 2023 Palinuro

323 2067 429 2128 caput,
453 2059 514 2111 imo
533 2059 623 2113 vitam
641 2072 736 2113 meam
755 2059 794 2113 ita
811 2059 995 2125 invaserunt,
1012 2054 1053 2126 ¹³)
1075 2068 1107 2112 ut
1128 2073 1198 2128 prae
1215 2056 1323 2114 dolore
1340 2057 1359 2104 ἰ

320 2146 468 2201 tolerabili
481 2147 593 2202 obortis
607 2141 646 2213 11)
663 2146 791 2216 lacrimis
808 2147 905 2220 (quod
924 2166 984 2203 non
997 2147 1082 2203 facile
1095 2148 1199 2214 soleo,
1215 2148 1272 2203 etsi
1285 2148 1344 2204 min

324 2232 473 2304 fluebant,
495 2253 583 2308 quarn
601 2236 725 2301 vellem)
745 2239 884 2309 ¹dicerem
901 2237 1052 2294 Domino:
1078 2241 1138 2292 Aut
1155 2237 1209 2292 ista
1227 2238 1362 2294 desinent

323 2336 374 2380 aut
391 2344 447 2395 ego
467 2327 608 2382 desinam.
640 2323 749 2399 Neque
776 2331 853 2383 enirn
879 2338 941 2382 erat
957 2326 1047 2382 biduo
1065 2327 1183 2383 lerendn
1200 2328 1255 2383 ista
1274 2330 1361 2385 acuti

323 2417 399 2471 sima
418 2433 511 2487 pugna
530 2429 665 2486 naturae,
687 2418 740 2473 sed
757 2416 889 2490 sequenti
907 2417 955 2473 dia
972 2414 1071 2473 soluto
1088 2403 1199 2472 ulcello
1216 2419 1297 2474 auris
1314 2437 1333 2493 p
1355 2445 1361 2465 ·

329 2506 374 2561 «lit
398 2523 468 2561 sane
485 2498 526 2574 ¹⁵)
555 2508 656 2576 foeda,
683 2507 774 2563 lurida
797 2519 826 2563 et
849 2519 972 2563 cruente
996 2507 1111 2564 sanies:
1140 2524 1239 2580 neque
1264 2508 1304 2564 nb
1324 2508 1363 2565 ha

322 2595 400 2653 hora
418 2609 518 2653 cessat
534 2598 634 2654 fluere.
667 2597 789 2653 Interim
807 2599 835 2653 in
854 2597 949 2669 cupite
969 2607 1040 2653 sunt
1055 2596 1182 2652 marium
1199 2600 1336 2656 omnium
1361 2628 1365 2646 ι

324 2686 467 2743 arborum
484 2687 583 2755 venti,
599 2698 633 2743 ut
648 2688 723 2744 nihil
741 2688 873 2757 audiam,
891 2688 946 2743 nisi
963 2688 1030 2760 quis
1043 2705 1093 2743 me
1105 2688 1224 2744 fortiter
1235 2689 1344 2746 inciam

323 2775 442 2833 Medici
460 2776 536 2831 bene
554 2787 582 2831 et
600 2777 672 2833 laete
690 2778 882 2850 promittunt,
907 2792 975 2834 esse
992 2778 1197 2850 purgationem
1216 2779 1338 2836 salubre
1357 2809 1360 2828 ι

326 2867 357 2922 id
385 2880 544 2936 exspecto.
576 2867 726 2922 Dominus
752 2867 855 2935 faciat,
881 2866 961 2939 quod
988 2867 1099 2924 bonum
1126 2879 1182 2925 est.
1215 2867 1285 2927 Hoc
1314 2889 1365 2927 ιι

326 2957 526 3024 lucrantem,
551 2957 631 3028 quod
656 2958 746 3011 tutius
774 2958 840 3026 lego
864 2968 893 3012 et
915 2957 1033 3024 scribo,
1059 2958 1219 3014 contemtis
1238 2958 1359 3037 molesti

326 3047 499 3116 vertiginis,
516 3046 628 3102 etiamsi
646 3047 777 3101 nondum
796 3062 904 3101 somno
922 3047 979 3101 frui
997 3047 1085 3115 licet,
1102 3064 1162 3120 quo
1180 3036 1276 3105 solco.
1312 3050 1364 3107 No

326 3129 406 3192 haec
422 3135 544 3202 scribo,
569 3146 602 3189 ut
624 3146 655 3188 tu
679 3135 753 3190 mihi
779 3135 876 3190 omnia
901 3151 940 3190 ex
956 3136 1018 3191 hoc
1036 3137 1142 3205 iacias,
1167 3138 1221 3193 sed
1239 3148 1273 3195 nt
1289 3141 1361 3196 scia

327 3224 497 3281 Dominum
514 3241 582 3280 esse
601 3224 630 3279 in
646 3235 743 3280 morte
760 3225 860 3280 vitem.
895 3224 1029 3282 Orationi
1047 3224 1206 3283 Ecclesiae
1219 3228 1300 3285 hano
1319 3248 1357 3304 pu

329 3315 478 3384 gerionem
503 3314 635 3385 ἰιιιριιιο,
660 3312 767 3384 alioqui
790 3313 972 3384 impossibile
997 3315 1084 3371 suerit
1102 3315 1188 3371 istam
1204 3321 1365 3375 camerina

331 3404 436 3475 capitis
453 3404 511 3458 mei
528 3414 584 3458 tam
603 3403 651 3458 diu
670 3403 756 3458 serre.
790 3404 889 3458 Volete
907 3416 936 3459 el
953 3415 1034 3462 orate
1051 3398 1087 3472 ²⁶)
1106 3423 1162 3478 pro
1179 3406 1284 3478 nobit,
1310 3410 1355 3466 sic

383 3653 404 3700 1)
423 3650 485 3696 QG.
504 3653 597 3697 mett.
646 3650 748 3703 Md.
767 3652 909 3699 cottsultunt.
959 3653 1137 3706 montilli.
1185 3654 1365 3706 1)(ὶ.ῦ.-.

332 3722 355 3771 5)
375 3722 400 3768 C.
411 3725 439 3772 G.
457 3724 601 3770 erectiorem
616 3727 641 3769 el
653 3724 814 3771 valentiorem
828 3725 852 3770 in
866 3737 949 3782 opere.
998 3730 1020 3778 6)
1038 3728 1098 3773 (Le.
1111 3751 1136 3761 -
1149 3731 1237 3775 tamen.
1286 3730 1309 3782 i)
1324 3732 1365 3779 (ἶ.1

334 3806 388 3839 eam
407 3806 457 3840 ren
474 3807 522 3842 me.
582 3800 604 3848 sl
623 3797 648 3840 C.
658 3799 685 3842 (i.
704 3797 779 3855 Quem
791 3823 816 3832 -
827 3821 852 3831 -
865 3798 964 3855 cepitis,
981 3810 1065 3846 verum
1080 3811 1128 3846 nou
1142 3800 1268 3858 intellexi,
1287 3803 1345 3859 quid
1363 3825 1365 3829 ·

335 3868 425 3924 neap.
474 3865 762 3925 must-nlrle'rmalis.
812 3872 845 3920 10)
860 3874 890 3916 Λ.
902 3870 972 3917 muci.
1023 3874 1054 3925 11)
1069 3872 1227 3926 c.t5.†sunt.
1278 3877 1312 3927 1“.’)
1327 3876 1353 3922 c.

336 3944 436 3996 ¹lanne.
461 3970 464 3975 -
486 3944 520 3995 13)
538 3942 598 3989 ck.
618 3942 764 3990 invaserunt.
814 3947 849 3993 til
869 3947 928 3991 QG.
949 3945 1053 4004 ingemo.
1078 3946 1221 4005 mittanis.
1271 3953 1304 4004 15)
1325 3951 1351 3999 C.

337 4020 416 4066 struet
429 4019 476 4065 ιιι)
487 4039 513 4053 ··
524 4016 612 4065 terties.
661 4018 697 4072 11)
710 4017 773 4064 (3.1).
786 4017 847 4066 Vale
860 4023 886 4066 el
898 4029 949 4066 ora„
