2730 4724
136 367 199 434 sas
618 361 707 430 uta.
768 326 771 339 '

137 525 234 580 verbo
253 525 313 580 Dei
331 523 511 579 exercitatus
529 531 587 579 tam
605 524 724 595 imparis
740 519 857 576 virtutis
877 506 1052 592 eisplritus
1069 534 1117 573 rne
1132 530 1188 577 citt

138 615 307 683 intelligam.
342 614 420 670 Nam
439 632 489 681 ee,
508 630 582 686 quas
595 615 667 669 mihi
679 612 823 680 tribuitis,
840 627 898 684 pro
909 610 1012 667 studio
1030 620 1062 664 et
1073 608 1187 663 madore

136 715 239 759 vestro
264 703 336 758 mihi
355 703 381 769 ¹)
406 704 493 758 tribui
517 704 586 758 satis
612 719 753 771 agnosco.
794 701 957 755 Caeterum
980 710 1020 755 re
1046 699 1109 769 ipse
1132 711 1188 752 sunt

139 793 266 849 inferior
287 795 373 864 longe
392 796 497 848 vestris
523 805 552 848 et
578 792 768 864 opinionibus
791 802 819 845 et
840 789 977 863 judiciis.
1013 788 1115 844 Homo
1133 801 1190 842 suut

135 896 296 955 peccator,
321 884 390 937 faex
407 894 434 936 et
452 883 481 937 in
506 898 612 950 carne,
636 893 668 936 ut
692 881 804 937 Paulus
821 896 946 951 quoque
964 877 1125 951 queritur,
1147 891 1192 945 ps.

136 972 219 1026 sillae
237 972 302 1026 fidei
328 983 357 1026 et
374 971 463 1044 tepidi
482 971 602 1043 spiritus
620 970 717 1037 vitae,
739 971 784 1024 sic
800 969 853 1024 vix
876 968 976 1038 legem
995 968 1190 1023 membrorum

127 1045 294 1116 ‘coercens
328 1061 422 1115 Vellet
439 1062 489 1116 lex
507 1062 567 1115 Dei
594 1062 623 1115 in
648 1060 786 1116 interiore
802 1058 926 1114 homine
945 1059 1054 1115 Deum
1077 1074 1116 1113 ex
1130 1056 1191 1111 totis

136 1152 250 1206 viribus
267 1168 382 1218 amare,
402 1161 431 1205 et
448 1152 573 1209 amando
586 1152 673 1206 mori.
707 1151 763 1206 Sed
776 1151 826 1221 qui
842 1148 934 1216 me²>
955 1165 997 1204 ex
1016 1150 1106 1204 tantis
1121 1160 1192 1204 tene.

134 1240 199 1297 bris
216 1243 333 1295 vocavit
350 1241 379 1294 in
397 1241 566 1295 admirabile
584 1242 684 1296 lumen
701 1256 807 1306 suum,
832 1249 862 1294 et
885 1238 915 1293 in
933 1239 1105 1295 ministerio
1120 1248 1190 1292 teuto

134 1340 197 1386 tem
216 1331 347 1402 ineptum
366 1343 394 1384 et
408 1331 526 1385 minime
545 1331 684 1386 idoneum
702 1329 810 1401 posuit.
846 1329 974 1386 Gaudeo
994 1328 1192 1384 tementelte.

135 1433 271 1488 menter,
289 1420 437 1492 vobisque
455 1437 561 1488 magno
580 1420 672 1474 corde
690 1419 837 1489 gratulor:
864 1420 967 1473 Deum
986 1436 1066 1476 vero
1083 1419 1191 1476 Patren

135 1513 234 1566 omnis
253 1513 358 1579 gratiae
384 1522 412 1564 et
430 1510 646 1565 benedictionis
663 1508 810 1564 benedico
834 1498 872 1563 et¹
885 1494 1048 1578 glorifico,
1073 1509 1123 1582 qui
1138 1508 1191 1562 sire

133 1614 393 1674 perusinorum,
411 1601 474 1655 sive
492 1600 614 1654 aliorum
633 1600 744 1669 scripta
757 1609 859 1653 uotum
871 1597 962 1656 vobis
980 1599 1058 1654 iecit
1075 1599 1190 1654 salutare

135 1707 225 1747 suurn
251 1701 280 1745 et
305 1692 477 1762 mysterium
501 1689 562 1743 hoc
590 1688 783 1744 inenarrabile
807 1690 884 1744 Jesu
901 1686 1045 1757 Christi,
1071 1688 1119 1744 lilii
1142 1685 1190 1744 sni.

137 1780 217 1838 Nem
244 1798 282 1835 ex
301 1783 374 1836 meis
400 1780 519 1856 scriptis
545 1791 615 1851 puto
641 1797 701 1834 non
718 1781 808 1834 inulta
835 1795 891 1834 vos
908 1779 1048 1850 potuisse
1071 1780 1198 1845 hebete„

135 1888 205 1926 cum
223 1872 326 1926 Latine
344 1888 409 1925 raro
428 1871 610 1941 scripserim.
645 1869 829 1935 Summum,
848 1869 1067 1942 tttproverbio
1095 1880 1189 1924 nostre

138 1960 282 2029 dicimus,
300 1962 484 2016 'Teutonicus
499 1960 684 2030 praedicator
700 1970 729 2013 et
746 1958 897 2013 illiteratus
915 1971 1109 2031 praeceptor.
1141 1956 1188 2013 tel

135 2050 216 2104 unde
235 2050 281 2105 vel
299 2051 376 2104 unde
394 2051 546 2116 habentis,
573 2044 676 2118 p‘arum
699 2049 836 2104 interest:
861 2064 899 2102 ex
916 2048 990 2103 Deo
1007 2049 1129 2106 habetis
1144 2065 1190 2102 nu.
1230 2050 1232 2065 '

132 2137 251 2194 biscum
269 2141 385 2206 onmia,
412 2150 439 2192 et
458 2139 530 2193 estis
549 2155 596 2196 me
614 2136 640 2201 3)
665 2138 759 2197 multo
776 2137 936 2203 meliores,
962 2138 1038 2194 Deo
1063 2139 1190 2209 gratissi
1219 2126 1232 2193 ¹.

136 2229 249 2297 gloria,
278 2232 383 2282 Amen.
416 2228 519 2302 Quare
538 2228 645 2282 lactum
671 2238 731 2291 est,
758 2241 788 2281 ut
805 2242 896 2298 paene
913 2227 1100 2284 abstinerem
1121 2240 1190 2283 tre·

136 2318 331 2389 spondendo,
350 2334 417 2371 cuin
436 2317 507 2373 nibil
528 2318 659 2376 viderem
678 2319 812 2387 dignum,
836 2318 917 2389 quod
934 2309 1190 2393 responderemi

134 2406 209 2476 illis,
236 2425 311 2479 quos
338 2408 485 2462 Dominus
511 2419 587 2463 tanta
613 2409 779 2476 dignatione
795 2399 820 2469 5)
848 2406 973 2478 Spiritus
1000 2410 1049 2462 sui
1078 2399 1191 2479 praeve

137 2498 243 2553 nisset.
278 2498 357 2572 Quid
383 2499 459 2551 enim
477 2498 563 2552 vobis
582 2515 635 2570 per
653 2497 803 2552 Christum
822 2496 906 2551 deest
925 2497 1093 2569 spiritualis
1110 2497 1189 2565 boni,

136 2588 188 2660 qui
209 2587 378 2653 Christum,
398 2586 488 2641 lilium
506 2587 583 2650 Dei,
602 2587 782 2654 cognoscitis
808 2597 837 2641 et
854 2585 1060 2658 confitemini,
1087 2589 1137 2661 qui
1152 2587 1191 2643 sic

136 2678 275 2735 ardenter
291 2677 408 2731 esuritis
427 2687 456 2731 et
474 2677 559 2733 sititis
573 2676 734 2745 justitium,
750 2669 775 2742 ⁶)
792 2676 843 2748 qui
861 2676 906 2730 sic
922 2676 1010 2732 beate
1028 2670 1059 2742 ⁷)
1077 2689 1191 2753 propter

138 2768 291 2825 Christum
317 2767 403 2821 etinnt
423 2767 646 2836 persecutiones
666 2764 811 2837 patimini,
836 2766 886 2838 qui
904 2767 949 2821 sic
968 2770 1109 2836 perfecto
1128 2768 1190 2821 odio

136 2857 254 2912 habetis
283 2858 418 2915 inimicos
437 2857 547 2912 Christi
573 2866 602 2910 et
626 2856 862 2920 Anticltristutn?
895 2856 975 2930 Quis
1001 2874 1041 2915 ex
1061 2852 1191 2921 nobiti)

139 2964 261 3020 sperare
277 2948 388 3019 potuit,
406 2946 471 3000 talia
488 2946 535 3002 uel
550 2946 712 3000 viventibus
726 2946 812 3000 uoltis
823 2939 848 3010 ⁸)
866 2946 894 3000 iu
918 2946 981 3017 ipsa
994 2947 1076 3005 ltalia
1090 2950 1150 3004 lieri
1166 2962 1190 3002 et

141 3039 262 3106 vigere,
284 3037 331 3090 vel
350 3038 447 3090 sutura
473 3050 539 3088 esse
557 3034 712 3106 aliquando
737 3034 765 3089 in
790 3035 860 3106 ipsis
882 3033 988 3090 linibus
1012 3040 1098 3107 tegni
1118 3038 1190 3095 Anti.

139 3127 259 3194 christi,
286 3127 335 3197 qui
361 3142 415 3179 nos
433 3117 463 3189 9)
485 3136 569 3181 extra
593 3124 665 3190 fines
684 3126 783 3180 mundi
802 3126 913 3196 positos
939 3126 1016 3183 terre
1037 3129 1189 3192 noluitlll

140 3218 197 3272 Sed
214 3216 262 3272 his
287 3216 431 3287 exemplis
449 3230 505 3269 nos
523 3214 631 3282 docet,
657 3214 705 3285 qui
723 3214 810 3283 jubet
826 3232 882 3269 nos
899 3214 935 3278 ¹¹)
959 3231 1084 3288 sperare
1103 3232 1131 3274 et
1147 3233 1189 3290 pe.

140 3319 223 3374 tere,
248 3308 314 3377 quia
333 3307 367 3366 ¹²)
386 3315 491 3374 potens
510 3315 553 3358 est
571 3306 669 3359 lacere
686 3321 774 3375 supra
793 3322 879 3376 qnam
897 3303 1025 3376 petimus
1044 3319 1076 3364 et
1094 3309 1188 3364 intelli.

141 3397 254 3466 gitnus,
282 3396 359 3450 ltand
388 3394 476 3448 dubie
502 3394 689 3465 perfecturus
716 3410 803 3448 suum
832 3411 924 3463 opus,
955 3398 1038 3467 quod
1066 3399 1187 3469 incepit,

142 3502 238 3556 usque
257 3487 286 3540 in
305 3487 409 3550 linem,
427 3485 460 3538 tul
479 3484 601 3552 gloriam
620 3486 702 3537 suani
724 3494 751 3535 et
768 3483 891 3538 salutem
909 3496 1049 3541 nostram.
1086 3489 1187 3543 Verum

142 3590 180 3631 ne
207 3577 339 3631 fallerem
362 3592 446 3645 spent
463 3585 593 3632 vestram
619 3585 649 3627 et
666 3573 872 3629 contristarem
888 3574 1024 3652 spiritum
1043 3589 1186 3644 vestrum,

194 3814 216 3859 ll
229 3812 284 3857 Str.
298 3811 397 3868 ludlguo
412 3811 476 3858 mibi.
525 3813 547 3865 2)
560 3811 623 3857 Faex
635 3837 661 3849 -
673 3815 735 3859 moti
748 3814 798 3867 tttt
812 3816 865 3862 Sit.
880 3817 924 3872 tui
938 3819 984 3864 ttttl
999 3819 1055 3864 ttrtt
1068 3821 1112 3866 sed
1125 3830 1185 3877 quen

143 3884 216 3930 Deus.
253 3884 513 3935 dlffllt-ltltlttlttltln
558 3886 795 3942 libii-iditum.
832 3890 922 3936 Stslr.
934 3890 1061 3945 dignitate.
1100 3890 1186 3942 sled.

144 3957 275 4006 iristitiam.
295 3978 297 3985 ¹
318 3958 495 4010 listsheatl.
514 3977 516 3981 ·
535 3961 785 4011 staticuliuobls.
826 3964 1049 4015 mentituros.
1087 3969 1120 4022 llll
1132 3965 1184 4018 eo

144 4031 230 4085 reliut.
280 4033 313 4085 ll)
326 4032 380 4081 ttt.
394 4031 512 4091 exemplis
524 4043 619 4093 qunque
628 4034 699 4087 iulet
712 4046 766 4081 vos.
816 4038 849 4087 12)
862 4036 923 4089 &ti-
937 4037 1002 4097 quin.
