2730 4724
1147 354 1234 436 nl·
1327 319 1331 324 ⁸

184 486 445 581 moerente.
816 517 1176 592 N⁰.'M1>cccxxv1u

419 639 468 706 tte
490 634 756 717 olttontntt
776 638 941 710 wellet.

228 757 301 806 ttrite
318 759 354 806 tte
371 759 494 818 sstt'rtunn
512 763 551 808 ter
568 762 901 814 &somersetentemetette
918 763 944 810 ln
957 761 1070 817 §retius
1087 763 1134 809 uno
1192 809 1200 830 ι

235 843 237 847 ⁴
337 831 391 882 ille
404 830 634 892 posnaniensi.
651 837 689 882 ter
702 835 736 883 ln
748 840 798 887 ott.
812 835 864 888 titi.
878 835 906 891 8.
918 836 1023 912 ettotntt.

212 1018 266 1065 itti
277 1018 305 1066 lt.
318 1017 452 1067 wettert
465 1020 526 1080 Opp.
540 1033 605 1070 nnttt.
623 1033 640 1078 t.
653 1025 718 1076 ertit
731 1036 754 1081 p.
763 1024 809 1072 mi.
834 1023 892 1078 dial.
906 1021 965 1070 cod.
979 1020 1052 1070 noth.
1066 1022 1112 1071 lli·
1124 1022 1145 1073 d.

149 1135 225 1236 Gr.
243 1192 272 1236 et
287 1183 323 1239 P.
341 1183 370 1240 in
389 1185 520 1242 Christo.
555 1187 645 1261 Quod
662 1189 807 1245 hactenus
823 1205 882 1243 non
900 1184 1025 1258 scripti,
1043 1184 1087 1257 mi
1101 1183 1211 1243 ttiero.

147 1288 266 1346 nyme,
292 1273 344 1328 tuit
361 1275 389 1330 in
408 1292 513 1344 causa,
540 1279 620 1349 quod
638 1287 791 1348 putarem,
812 1295 872 1333 non
895 1291 971 1347 opus
994 1291 1060 1330 esse
1078 1274 1207 1352 scripto,

148 1373 313 1435 postquam
337 1364 558 1435 intellexeram,
581 1385 642 1423 non
660 1369 758 1424 solum
773 1383 822 1441 ,ex
838 1367 946 1423 ventris
964 1365 1069 1434 literis,
1093 1364 1144 1418 sed
1168 1358 1209 1422 eit

150 1452 298 1508 relatione
315 1454 463 1526 Principis
489 1453 796 1528 nostri,'Ecclesism
813 1471 943 1513 vestram
968 1472 1033 1512 esse
1056 1445 1212 1526 provisam
1260 1527 1262 1530 y

149 1544 419 1615 Superattendente
436 1546 478 1602 D.
495 1547 604 1605 Paulo:
631 1560 660 1604 et
678 1549 758 1622 quod
775 1548 863 1604 vobis
888 1564 923 1602 ac
941 1546 1081 1617 Principi.
1095 1545 1210 1601 bonum

149 1634 255 1688 visum
281 1634 350 1704 luit,
376 1635 448 1691 milti
471 1653 531 1693 non
555 1637 652 1710 potuit
678 1639 845 1711 displicere.
878 1637 911 1692 ld
934 1637 1016 1708 qnod
1044 1634 1130 1689 l'acile
1153 1648 1210 1705 vor

151 1723 286 1792 cogitare
304 1725 421 1794 putavi,
439 1727 532 1798 utqui
548 1717 684 1797 sciretis,
700 1739 834 1783 vestrum
847 1725 1002 1783 consilium
1014 1742 1075 1780 non
1087 1723 1210 1797 malum,

154 1816 254 1869 multo
271 1817 370 1871 minus
395 1817 516 1889 impium
534 1835 626 1890 posse
642 1819 736 1875 videri
753 1819 844 1887 mihi,
869 1818 920 1890 qui
937 1833 993 1875 vos
1011 1833 1066 1889 pro
1079 1814 1210 1885 ¹optimis

153 1905 227 1958 viris
251 1917 281 1960 et
306 1907 420 1977 pietatis
445 1908 585 1963 studiosis
610 1893 719 1964 habeo.
752 1909 808 1965 Sed
834 1908 862 1963 id
887 1908 1036 1979 ignoravi,
1062 1905 1143 1979 quod
1167 1905 1210 1982 D,
1307 1903 1311 1909 ’

153 1995 242 2053 Pauli
267 1996 446 2051 detrectaret
470 1995 546 2053 hanc
571 2000 753 2071 provinciam
779 2011 808 2054 et
833 2009 867 2060 tu
888 1997 1042 2070 ponereris
1064 2007 1132 2069 post
1147 2034 1156 2051 .
1174 2033 1210 2067 .,

155 2085 185 2140 in
203 2086 307 2140 locum
325 2087 402 2157 ejus.
437 2086 492 2164 llis
508 2086 579 2145 mihi
598 2128 605 2144 .
624 2127 633 2144 .
651 2127 659 2144 .
678 2089 851 2162 Principum
873 2089 960 2143 animi
978 2088 1108 2144 tentandi
1124 2095 1210 2157 sunt,
1251 2124 1255 2135 .
1306 2094 1308 2098 ’

157 2190 237 2248 quos
254 2191 324 2230 curn
341 2164 492 2245 habuero,
514 2194 588 2233 mox
605 2178 721 2249 Senatui
746 2190 775 2234 te
793 2178 1027 2246 commendabo,
1052 2193 1120 2233 nam
1136 2175 1211 2247 nihil

156 2264 309 2332 scribam,
324 2267 379 2321 nisi
391 2268 472 2338 quod
489 2268 634 2324 lecturam
653 2267 849 2340 theologicam
863 2270 1067 2340 suscepisses,
1086 2279 1120 2322 ut
1134 2267 1212 2327 scri·

156 2356 255 2427 psisti.
290 2356 339 2411 De
355 2360 380 2421 ¹)
398 2357 463 2411 viro
480 2356 522 2412 D.
540 2357 729 2414 ilausmanno
747 2359 935 2431 scripsissem
950 2359 1141 2429 jamdudum,
1157 2355 1212 2413 sed

156 2446 224 2517 ipse
247 2463 368 2516 quoqne
392 2446 431 2498 lui
449 2447 698 2517 valetudinarius,
726 2458 757 2503 ut
775 2449 837 2518 jum
860 2447 906 2502 diu
925 2465 983 2502 non
1009 2448 1129 2518 legerim
1153 2463 1211 2502 nec

157 2535 400 2608 praedicaverim.
443 2536 619 2591 Celaverunt
644 2553 692 2591 me
718 2539 801 2592 valde
825 2537 948 2592 Domini
973 2553 1089 2599 casum,
1115 2536 1212 2594 donee

160 2624 286 2678 l'ortuito
303 2625 457 2696 colloquio
474 2624 619 2695 Principis
637 2643 704 2681 eum
722 2627 928 2695 intelligerem,
945 2627 997 2679 sed
1014 2624 1212 2680 subobscure.¹

157 2714 200 2769 Et
217 2719 326 2782 miror,
348 2732 404 2769 cur
419 2731 468 2768 me
486 2717 550 2770 talia
569 2717 677 2771 celent.
711 2718 778 2771 Scio
798 2717 1077 2772 numentinum
1099 2715 1213 2783 justum

158 2805 187 2859 in
207 2804 329 2859 Christo
354 2804 464 2874 luisse,
493 2817 520 2858 et
543 2805 611 2859 illud
628 2806 729 2862 Psalm
748 2807 835 2862 CXV.
860 2806 1044 2874 implevisse:
1066 2789 1213 2877 pretiose

159 2912 250 2950 mors
266 2895 302 2950 in
318 2902 486 2968 conspectu
504 2896 653 2965 Domini,
678 2911 706 2952 et
729 2896 876 2968 sapienter
893 2881 1012 2967 justus,
1036 2912 1211 2967 quacunque

160 2994 259 3038 morte
277 2996 441 3055 occupatus
460 2986 566 3052 fuerit,
590 2986 788 3056 inrefrigerio
813 2988 877 3040 erit.
910 2985 989 3042 Nam
1009 2986 1125 3056 quoties
1148 2975 1212 3056 ipsc
1239 2978 1240 2982 ’

161 3089 282 3145 qnoque
305 3075 339 3128 in·
360 3086 500 3144 suggestu
523 3087 660 3130 mortuus
686 3078 744 3144 lui,
770 3085 799 3129 et
823 3087 885 3130 tum
902 3076 981 3130 vivo.
1016 3075 1071 3130 Setl
1096 3070 1211 3131 dehoc

158 3165 240 3218 elias.
272 3164 355 3219 Bene
373 3163 402 3218 in
420 3164 540 3219 Christo
558 3165 631 3219 vnle.
667 3165 747 3223 Feria
764 3169 789 3220 2.
807 3175 875 3237 post
892 3176 993 3223 natum
1011 3165 1211 3235 salvatorem,

157 3253 405 3310 nthxxt'ttt.
1026 3270 1029 3279 ·

225 3343 319 3397 Dicas
337 3359 450 3414 quaeso
467 3343 607 3398 Dominis
628 3343 817 3398 senatoribus
834 3342 929 3399 Josan
950 3352 979 3398 et
998 3331 1211 3415 Liesktrclien',

155 3442 191 3486 ut
208 3432 362 3504 increpent
380 3422 578 3498 tabellarium,
597 3450 633 3485 nc
645 3433 742 3486 denuo
756 3447 812 3486 tam
826 3433 971 3502 superbus
990 3445 1017 3487 et
1035 3423 1211 3502 imperiosui

154 3523 268 3577 veniat.
304 3522 383 3576 Nom
399 3522 464 3576 heri
483 3538 573 3593 quum
591 3521 618 3584 ²)
631 3522 744 3592 justum
763 3524 904 3577 voluisset
921 3523 1029 3589 videri,
1055 3535 1085 3578 ut
1103 3525 1212 3580 festum

153 3614 237 3667 diem
249 3613 288 3666 illi
301 3613 513 3684 expenderem,
531 3623 559 3665 et
571 3629 663 3682 quum
672 3612 699 3673 2)
717 3611 790 3666 nihil
806 3623 885 3667 esset
897 3609 923 3674 ³)
941 3613 990 3667 hic
1004 3631 1040 3667 eo
1053 3614 1111 3681 die,
1129 3613 1211 3685 quod
1294 3680 1299 3691 .

155 3711 274 3770 ageret:
301 3704 338 3757 ita
364 3719 455 3772 paene
480 3700 622 3756 dominari
647 3701 750 3758 voluit.
783 3702 866 3760 Feria
891 3705 914 3758 2.
938 3712 1007 3778 post
1032 3702 1212 3759 Salvatorem

153 3808 276 3860 netum,
293 3790 533 3848 MDxxxvttl.

206 3969 226 4015 t)
246 3965 304 4010 cu
335 3964 376 4015 ost
394 3963 444 4016 tter
462 3963 512 4012 tine
530 3962 596 4014 titdt
613 3964 717 4018 tutldnt
735 3965 772 4014 De
789 3966 912 4015 univiro.
960 3966 1214 4032 litteratorum:

151 4043 174 4092 ³)
187 4040 270 4090 w
284 4039 308 4093 t·
322 4047 387 4086 Μ
