2730 4724
655 346 748 415 tots.
1165 341 1228 412 lli

131 486 142 524 '
187 498 190 503 '
216 492 590 571 &etetumlaettsstnto,
609 505 807 578 quaescnlns
827 507 863 561 tle
881 507 1005 573 Senatu,
1031 512 1229 562 munienter

159 584 265 658 bum,
282 591 406 646 libenter
422 594 537 660 otidivi,
554 606 583 649 et
594 597 701 664 gratias
719 615 773 675 ogo
785 598 936 677 Domino,
955 597 1005 668 qui
1021 607 1113 667 ponto
1131 593 1229 659 faciet,

131 666 282 755 ''q'ttod
274 683 401 751 incepit,
421 699 497 752 opus
513 700 613 738 snum
645 685 696 739 De
713 699 851 758 apparatu
869 685 976 740 bellico
994 686 1135 739 adversus
1149 683 1229 737 Tur.

160 784 247 849 otim
258 771 328 845 nihil
347 773 431 836 scio,
456 774 573 828 videtur
589 775 691 830 Toron
710 792 775 830 esse
798 776 870 830 intro
887 778 927 844 ¹)
928 776 1046 838 nostris
1063 774 1228 837 Centauris.

148 854 285 917 Nam
279 877 309 912 tn
331 861 412 935 nula,
437 863 623 934 nescioquo
647 867 736 935 (puto
753 863 871 928 nostru)
891 865 998 933 jacent
1015 880 1078 918 vox
1101 864 1227 931 dicitur,

131 944 133 973 ²
162 946 470 1022 Tqrcatn'ltactenus
487 969 547 1005 non
566 953 673 1007 vidisse
691 954 772 1008 viros
791 953 960 1008 bellatores.
994 953 1035 1009 Et
1051 953 1098 1008 M.
1115 952 1230 1025 Philip.

165 1053 233 1111 pus
247 1038 319 1092 tnihi
337 1039 433 1093 retulit
443 1080 452 1108 ‚
471 1057 504 1094 se
523 1042 641 1096 audisse
655 1040 836 1096 Ratisbonae
853 1058 893 1096 ex
905 1042 1026 1097 l'olonis
1042 1041 1230 1113 quibusdum,

165 1125 393 1192 Moschionetn
406 1129 546 1183 Jonchim
564 1125 735 1198 Seniote'm,
753 1140 867 1202 patrem
884 1130 996 1201 hujus,
1014 1130 1230 1200 luisse-glorin-

168 1226 240 1273 tum
264 1218 312 1272 his
336 1218 451 1287 verbis,
474 1220 605 1273 'l'urcatn
626 1220 770 1275 hactenus
795 1232 898 1274 contra
922 1222 1057 1275 cereolos
1075 1211 1107 1286 2)‘
1127 1220 1230 1275 rubros

170 1304 328 1371 ‹Potonos
346 1318 375 1361 et
392 1308 546 1377 ilungaros
562 1309 743 1378 significans)
761 1325 924 1380 pugnasse,
943 1307 994 1364 sed
1012 1326 1081 1365 cutn
1096 1310 1231 1379 coeperit

169 1404 280 1450 contra
298 1413 400 1452 ocreas
418 1411 519 1452 unctas
538 1415 685 1468 pugnate,
713 1401 838 1468 sentiet,
864 1400 914 1470 qui
931 1399 997 1454 sint.
1032 1399 1092 1454 Ista
1114 1397 1231 1454 thraso.

131 1508 135 1513 ·
170 1485 245 1541 nica
261 1486 347 1541 Deus
362 1487 421 1554 (uti
433 1485 509 1552 scis)
528 1487 652 1542 libenter
668 1489 747 1542 cudit
764 1489 857 1560 iisque
873 1486 898 1554 ³)
920 1488 1077 1544 benedicio
1112 1491 1231 1544 Summo
1287 1529 1289 1533 ,

170 1575 255 1632 haec
273 1588 333 1630 est:
357 1577 442 1632 Deus
461 1593 515 1632 nos
533 1579 662 1648 conjecit
686 1579 715 1632 in
733 1579 863 1633 medium
880 1580 1003 1636 istorum
1020 1579 1231 1646 'l'hrasonum,

173 1675 209 1720 et
226 1666 307 1735 cogit
324 1683 394 1720 cunt
411 1667 455 1722 eis
473 1683 558 1736 agere
576 1681 605 1722 et
623 1686 677 1740 pro
696 1669 740 1722 eis
758 1686 861 1736 orere,
879 1670 984 1737 simul,
1004 1686 1079 1740 quse
1096 1669 1232 1724 accidunt

173 1757 227 1811 vel
246 1757 398 1825 accident,
423 1758 549 1812 tolerare
567 1769 689 1830 propter
704 1759 847 1827 verbum,
870 1761 950 1830 quod
975 1768 1034 1813 tam
1058 1758 1231 1829 opulenter,

176 1856 209 1901 et
227 1858 365 1918 potenter
381 1848 409 1901 in
427 1849 512 1903 nobis
531 1866 653 1918 regnare
671 1850 764 1904 voluit
770 1867 781 1918 3
805 1846 875 1916 [tull
891 1847 969 1908 wollt
985 1846 1024 1917 ld)
1041 1847 1104 1918 tuti)
1122 1847 1231 1916 llt'fftllt

150 1941 152 1944 ’
175 1942 241 1995 ml
252 1935 341 2002 utenti
353 1951 384 2008 ιιι
396 1937 466 2003 tuno
478 1934 558 1997 ntes.
593 1939 747 2008 Atlantes,
767 1941 928 1995 salvatores
943 1951 973 1995 et
983 1942 1113 1995 victores
1126 1955 1231 1995 sumus

175 2027 299 2095 mundi,
317 2027 438 2082 Diaboli
456 2040 490 2082 et·
502 2029 622 2097 inferni,
639 2030 694 2084 nisi
706 2031 786 2100 quod
797 2030 924 2086 mundus
943 2031 998 2084 ista
1011 2047 1071 2084 noo
1089 2029 1231 2098 intelligit,

177 2119 261 2172 sicut
277 2133 334 2172 nec
352 2119 456 2188 dignus
475 2128 529 2173 este
562 2120 658 2175 Simus
676 2136 748 2188 ergo
764 2121 856 2175 fortes
874 2131 904 2174 et
920 2120 1089 2175 tolerantes.
1113 2116 1232 2181 ’ΜΝ

178 2205 244 2276 Ml
261 2204 334 2278 nint
351 2208 449 2268 enters
465 2205 538 2275 llll·
571 2210 656 2263 Alius
674 2210 752 2277 facit,
769 2209 819 2280 qui
837 2227 897 2264 non
917 2208 1063 2272 laudetur:
1081 2209 1153 2264 alius
1170 2208 1233 2262 lou.

168 2300 285 2366 untur,
302 2300 352 2371 qni
370 2316 431 2354 non
448 2299 526 2354 lacit.
560 2299 610 2353 Sic
626 2299 752 2354 mundus
770 2299 880 2365 nescit,
898 2317 931 2355 se
946 2310 1023 2355 sture
1035 2299 1146 2356 viribus
1164 2298 1233 2355 ulie.

177 2390 248 2455 nis,
266 2388 285 2443 i.
302 2406 330 2443 e
347 2387 523 2458 Ecclesiae,
542 2400 572 2444 et
588 2400 687 2463 putat,
710 2389 881 2446 Ecclestam
897 2402 975 2447 stote
994 2391 1056 2446 suis
1073 2390 1185 2446 viribus
1201 2397 1233 2445 et

174 2479 293 2536 mundi.

247 2619 317 2674 Hos
338 2634 396 2692 eqo
419 2616 591 2672 versiculos
605 2615 690 2687 feci,
713 2616 787 2672 tulit
811 2617 895 2673 alter
918 2612 1065 2675 bonone
1106 2618 1187 2681 Vale„
1202 2619 1232 2676 itt

178 2707 335 2776 Domino,
351 2725 449 2780 quem
474 2708 634 2762 confiteris.
667 2708 787 2778 Raptim
812 2712 858 2771 (ut
877 2706 988 2774 soleo)·
1020 2707 1146 2763 Feriao.
1164 2715 1233 2778 post

177 2797 426 2867 Reminiscere,
419 2817 439 2851 t
457 2817 484 2853 e.
502 2798 566 2869 ipso
584 2795 842 2868 Aequinoctio.)
876 2797 971 2852 Saluta
988 2813 1116 2852 uxorem
1133 2807 1231 2872 tuam,

180 2898 210 2942 et
223 2903 327 2964 omnes
339 2900 407 2942 tuos
420 2897 449 2941 et
453 2898 593 2966 nostros,
611 2888 698 2942 etiam
710 2888 829 2942 nomine
847 2903 929 2943 meae
942 2887 1091 2943 Dominae
1103 2879 1230 2964 Kethae,

178 2977 345 3052 quaemihi
362 2962 504 3034 scribenti
521 2976 583 3033 hoc
606 2977 776 3052 imperabat

868 3131 908 3190 T.
927 3131 1017 3188 Mart.
1034 3130 1199 3192 Lutherus.

232 3598 482 3657 ”Antilcyphru
531 3599 758 3651 neoocreatn.
808 3601 871 3652 ltu.
886 3601 918 3645 et.

183 3750 412 3768 n———un-

235 3869 257 3917 ’)
275 3865 382 3915 stantun
395 3864 449 3915 nnn
462 3866 511 3911 tent
525 3866 588 3912 ttttn
602 3865 676 3917 &tou
696 3863 749 3914 nso
762 3866 811 3912 ton
824 3865 933 3919 ntlttnnt
945 3864 1007 3915 toln
1021 3868 1045 3915 el
1056 3868 1095 3916 let
1106 3871 1140 3919 21.
1153 3856 1233 3926 utin

184 3940 237 3990 mn>
254 3937 350 3986 norit.
369 3938 643 3993 lttttznnuntttsln
665 3937 825 3986 tonationis
842 3936 879 3991 snt
896 3938 947 3988 Fer.
960 3942 981 3990 s.
994 3952 1018 3998 p
1032 3940 1124 3990 Remin'.
1138 3945 1233 4048 cullen

184 4017 218 4063 tt
231 4012 310 4067 ultiu-
