2730 4724
132 333 208 406 -396
626 337 717 410 llll.

131 494 242 550 :habeo
255 510 330 550 orne
348 506 545 567 excusatam,
563 501 644 572 qnod
663 501 726 556 sine
744 498 838 554 literis
854 496 933 555 meis
959 496 997 553 ed
1013 506 1044 555 te
1059 496 1129 554 bine
1145 491 1184 561 eb.

146 585 229 652 ierit,
248 586 320 640 licet
334 602 389 655 ego
407 589 611 644 consentiente
629 606 694 644 men
709 588 805 643 Ketha
823 589 852 644 id
870 592 899 643 in
916 589 1007 662 culpe
1025 586 1186 657 luissejudb

147 693 302 741 caremus,
327 678 408 749 quod
426 680 537 750 percita
556 682 633 734 fante
650 697 711 737 non
729 680 810 750 panis
828 690 876 734 eut
891 680 972 745 vini,
993 680 1050 736 sed
1066 679 1187 751 meritplit

131 767 365 821 *contuetudinis
383 768 472 838 (quse
490 783 528 823 ex
547 769 704 841 dilectione
723 768 813 827 illius)
831 769 869 822 sit
885 769 978 823 oblite
996 784 1125 841 poscere
1139 768 1190 821 lite.

135 869 213 920 iras,
240 854 267 907 id
286 856 366 924 quod
383 866 414 909 tu
434 858 459 909 ei
478 858 563 910 facile
581 857 724 911 indicabis
743 857 830 910 etism
849 873 905 911 suo
923 858 995 913 loco
1012 869 1042 910 et
1062 868 1191 928 tempore.

149 941 215 1005 wat
231 946 313 1001 tnbtt
330 941 462 1010 nttlltlnn
480 943 513 1012 it
527 945 616 1011 nolti
635 957 663 1001 et
677 946 819 1001 insimul.
853 947 1017 1001 caeterum
1031 946 1073 1001 D.
1084 946 1193 1000 lustum

144 1032 274 1088 libenter
296 1035 371 1090 vidi:
393 1037 449 1090 etsi
473 1036 549 1106 apud
567 1052 615 1089 me
632 1053 712 1091 nunc
730 1037 852 1090 viduum
870 1047 899 1091 et
917 1035 1090 1103 coelibem,
1112 1034 1194 1107 pessi.

145 1139 228 1179 munt
246 1125 362 1180 scilicet
375 1136 484 1195 petrem
499 1126 640 1192 familias,
658 1125 785 1179 noluerit
798 1141 925 1180 coenare
937 1141 1040 1197 neque
1052 1125 1195 1197 prendere,

147 1213 252 1267 faciam
268 1225 385 1280 temen,
402 1231 596 1288 quaecunque
615 1214 663 1267 ille
680 1215 824 1279 voluerit,
837 1227 877 1271 et
894 1225 926 1268 tu
939 1215 1094 1283 jusseris,
1116 1230 1196 1286 quen.

146 1312 211 1362 tutn
224 1303 350 1362 ,omnino
368 1319 502 1374 possum.
536 1304 699 1358 Convivam
715 1320 815 1359 meunt
827 1303 957 1360 libenter
970 1304 1093 1360 habebo
1104 1304 1196 1370 utin,

149 1394 175 1446 ei
193 1394 232 1447 illi
251 1394 401 1465 placuerit.

212 1504 301 1560 Nunc
319 1506 354 1558 ad
370 1506 457 1561 setin.
490 1505 544 1562 Est
562 1505 612 1560 bic
629 1507 723 1575 civis,
742 1521 830 1578 quetn
849 1506 922 1560 lorte
935 1507 1045 1573 nosti,
1063 1508 1092 1563 in
1103 1506 1197 1562 subur.

147 1592 225 1650 bano
237 1605 289 1648 tuo
302 1595 426 1666 piscario
440 1595 565 1664 Scheri,
584 1597 634 1668 qui
652 1606 717 1649 ente
729 1611 836 1649 annum
848 1606 986 1664 aegrotus
999 1613 1016 1648 e
1031 1595 1195 1652 froscbelio

148 1683 362 1754 interrogatus,
381 1702 417 1738 an
434 1698 608 1754 agnosceret
624 1701 656 1738 se
672 1684 904 1757 peccatorem'in
919 1688 950 1737 10
961 1696 1124 1759 praecepte
1138 1685 1196 1752 Dei,

148 1775 304 1846 respondit
317 1791 455 1847 perquam
469 1776 615 1843 modeste,
634 1790 701 1830 sese
714 1775 847 1829 nondum
858 1790 951 1847 posse
964 1786 1100 1832 statuere
1112 1786 1202 1843 certe,

149 1866 220 1936 quid
240 1866 268 1918 in
286 1865 396 1936 reliqua
414 1865 601 1935 deliquisset:
627 1874 742 1919 certum
762 1875 858 1919 sutem
875 1879 960 1932 esee,
983 1866 1072 1936 ‘quod
1088 1865 1195 1921 nibilitt

148 1954 277 2026 primurn
295 1957 484 2024 praeceptum
503 1964 654 2026 peccasset
672 1970 815 2025 unquam,
834 1954 901 2025 quie
917 1938 1064 2011 conscius
1080 1955 1134 2011 sibi
1145 1970 1196 2009 noe

148 2056 246 2111 esset,
263 2059 391 2114 unquam
409 2059 477 2098 sese
493 2044 585 2098 luisse
596 2044 672 2115 apud
684 2059 754 2111 eos,
772 2043 822 2116 qni
834 2042 947 2097 alienos
959 2043 1051 2100 Deos
1062 2046 1193 2100 colerent.

149 2130 200 2186 Tu
217 2147 296 2186 nunc
313 2132 395 2195 vide,
419 2149 454 2185 an
473 2148 533 2185 non
551 2131 758 2200 Witenbergae
775 2132 835 2186 sint
850 2130 963 2200 sancti,
988 2133 1043 2207 qui
1060 2132 1192 2206 nequein

150 2237 242 2274 cerne
264 2236 361 2291 neque
388 2224 415 2274 tn
438 2221 567 2288 mundo,
594 2220 646 2274 sed
671 2221 748 2275 inter
771 2219 893 2289 angelos
917 2235 1042 2293 semper
1067 2221 1193 2279 vixerint·

149 2308 281 2366 'santum
298 2309 372 2364 fecit
388 2309 589 2364 catechismus
608 2308 737 2380 quotidie
760 2308 941 2365 inculcatus!

213 2423 263 2479 Ex
281 2425 337 2478 alio
355 2433 513 2478 moventnt
531 2426 754 2494 quaestionem,
776 2424 890 2480 scilicet
908 2424 942 2479 ad
960 2424 988 2478 te
1006 2423 1192 2488 deferendum,

150 2515 295 2569 convivae
313 2515 380 2568 mei.
417 2519 463 2567 An
482 2516 547 2585 plus
565 2514 648 2569 lactis
666 2515 715 2569 det
733 2515 819 2568 Deus
838 2513 1020 2583 largissimus
1044 2516 1093 2569 ille
1118 2530 1192 2569 oeco-

149 2621 257 2660 nomus
271 2605 390 2673 singulis
404 2606 499 2672 annis,
518 2621 606 2674 quam
618 2603 696 2658 vini?
727 2602 793 2673 Ego
807 2604 921 2671 sentio,
938 2604 1018 2674 quod
1033 2606 1100 2674 plus
1112 2602 1189 2659 lactis.

151 2693 202 2749 Tu
220 2695 378 2765 responde.
412 2693 548 2748 Secundo
565 2693 729 2763 quaeritur,
748 2690 929 2760 andelium,
948 2692 1029 2762 quod
1049 2705 1131 2749 esset
1144 2703 1189 2746 ten

150 2784 253 2851 latum,
270 2784 409 2853 longum„
420 2783 521 2850 altum,
540 2791 680 2853 qnantum
693 2792 739 2835 est
752 2782 878 2851 spatium
892 2780 970 2835 inter
980 2781 1189 2863 Witenbetgtu
1231 2820 1233 2837 .

151 2883 181 2928 et
198 2872 412 2941 Keinbrrgnn‚
432 2883 535 2943 posset
553 2886 658 2941 cepere
675 2871 796 2939 vinum,
810 2860 894 2940 ‘quod
913 2869 999 2925 Deus
1018 2870 1189 2945 iusipiens
1229 2904 1233 2947 .²

151 2963 269 3032 ignarus
286 2973 314 3016 et
332 2962 438 3016 stultus
457 2961 624 3031 profundit,
651 2960 776 3032 prodigit
800 2971 830 3015 et
856 2959 950 3030 perdit
973 2960 1101 3032 singulis
1124 2956 1188 3015 enuit
1231 3016 1233 3021 ,

151 3054 231 3108 inter
248 3053 321 3106 lilios
338 3052 492 3105 hominum
511 3051 676 3122 pessimos,
695 3049 908 3118 ingratissimos
926 3050 1127 3107 crucifixores
1141 3045 1185 3110 lilii,
1231 3050 1233 3055 '

151 3143 322 3210 Heinricos,
340 3142 491 3207 Allienus,
511 3140 616 3211 Papae,
630 3141 760 3208 Torces,
779 3157 848 3195 cunt
864 3140 928 3195 siliis
944 3140 1005 3194 suis
1018 3141 1070 3196 det
1082 3136 1185 3214 equum!
1231 3126 1233 3167 ³

152 3232 235 3290 Haec
254 3234 339 3300 ideo,
366 3242 396 3285 ut
420 3242 450 3286 tn
474 3221 570 3298 scies,
596 3231 693 3285 multis
719 3231 776 3286 tuis
794 3231 884 3284 literis
902 3230 978 3284 velle
997 3246 1045 3284 tne
1064 3228 1185 3285 brevibus

153 3324 333 3392 satistione,
360 3321 468 3390 Neque
478 3322 554 3375 enim
566 3336 684 3392 semper
693 3336 759 3374 sum
769 3323 789 3386 ²)
803 3320 928 3386 otiosus,
941 3335 1039 3390 neque
1052 3323 1184 3378 studiosus

152 3414 187 3470 nd
202 3413 407 3476 scribendum,
421 3409 482 3479 jntn
496 3409 632 3469 cadaver,
650 3409 704 3462 nisi
717 3408 796 3479 quod
809 3419 907 3461 tecum
921 3407 1064 3475 libenter,
1083 3407 1108 3465 si
1122 3408 1185 3463 detur
1231 3468 1233 3477 Ι

152 3503 250 3568 hora,
270 3504 361 3573 jocor
385 3513 412 3554 et
434 3499 560 3552 ittlntlot.
597 3495 681 3563 Vale,
708 3510 735 3550 et
754 3514 805 3550 ortt
824 3512 879 3570 pro
896 3513 943 3551 nte
962 3515 1102 3571 quoque,
1127 3498 1184 3552 sicut

154 3609 212 3651 nos
237 3610 289 3662 pro
314 3588 359 3669 te,
384 3599 413 3644 et
428 3588 565 3647 Ecclesia
582 3587 677 3641 omnis
703 3601 760 3660 pro
779 3597 887 3643 vestra.
918 3586 961 3642 D.
978 3590 1005 3641 3.
1024 3585 1184 3661 Septembri

153 3679 308 3739 tnuxm.

193 3777 196 3781 ,
242 3756 245 3761 ‹
277 3786 281 3794 ,
308 3759 312 3765 -
845 3739 995 3797 Martinus
1013 3741 1161 3799 Lutherus

159 4036 164 4052 ·
198 4009 433 4064 didimi-tim.
457 4043 460 4049 -
599 4032 601 4036 ·
