2730 4724
147 326 211 394 602
628 317 719 395 teta.

215 482 302 556 Apud
319 498 375 553 uus
391 483 524 545 teruntur
539 495 617 538 nova
634 492 767 538 monstra
783 479 991 547 loeusurum,
1018 492 1150 553 querum,
1162 476 1196 533 h

151 571 229 628 ciem
247 573 316 628 vidi.
349 574 406 628 Hic
423 575 556 628 nondum
579 575 712 628 suerunt:
737 571 790 628 red
815 571 845 625 iu
868 569 980 626 vicinia
1003 586 1072 626 uon
1096 580 1198 625 remu
1244 598 1246 603 ·

148 671 228 717 tame
245 673 292 715 est
306 661 402 719 nubes
419 674 449 717 et
465 663 638 730 multitudo,
654 672 687 724 ut
700 675 806 716 currus
818 668 847 714 et
858 658 927 731 equi
941 675 998 732 per
1008 675 1123 727 unum,
1139 658 1199 725 dum

148 752 205 806 triu
222 751 341 805 miliaria
359 764 495 825 tunquam
513 767 567 823 per
583 766 712 806 cancros
730 754 908 819 crepitantes
932 749 1084 803 feruutur.
1115 746 1200 803 8ιωί

149 841 241 913 pestis
258 843 397 914 undique.
429 841 480 898 Ex
496 842 640 911 Hunguris
658 857 762 911 perum
779 849 829 895 sut
845 838 1100 897 nihithabemus.
1130 837 1200 894 Meu

151 930 209 986 filia
226 930 399 986 charissima
416 931 592 1001 Megduienu
617 930 686 986 abiit
708 928 744 984 ud
767 938 883 1000 ¹putrem
909 927 1105 995 coelestem,
1127 926 1202 1000 piem
1234 942 1242 963 ·

151 1019 209 1075 fide
232 1021 260 1075 iu
277 1021 429 1077 Christum
452 1020 655 1076 obdormiens.
686 1019 754 1088 Ego
778 1028 932 1091 paternum
957 1017 1045 1073 iilum
1072 1016 1202 1075 affeetu
1244 1056 1246 1077 ι

152 1111 230 1176 vici,
249 1111 302 1166 sed
319 1113 435 1166 fremitu
453 1112 582 1183 quodam
600 1111 669 1166 sutis
686 1109 792 1164 minaci
808 1120 912 1164 eontra
928 1118 1084 1177 mortem,
1102 1107 1202 1181 quein.
1244 1096 1246 1107 '

153 1200 319 1270 dignatione
345 1201 472 1270 mitigavi
498 1201 652 1270 lacrymae.
691 1198 892 1253 Vehementer
916 1212 984 1250 eum
1010 1196 1118 1253 dilexi.
1153 1194 1203 1252 Sed

152 1305 237 1346 mors
255 1290 284 1344 in
301 1290 349 1371 die
366 1290 414 1355 ilio
432 1288 593 1356 vindictam
610 1289 724 1353 solvet,
741 1280 798 1341 une
815 1302 885 1341 eum
897 1284 965 1363 ilio,
983 1287 1037 1359 qui
1050 1287 1204 1359 autorejss

153 1391 212 1436 eet.
245 1379 316 1434 Vale
333 1390 363 1433 et
378 1396 430 1433 om
446 1395 502 1450 pro
518 1395 577 1433 me.
612 1377 674 1432 Die
689 1375 845 1447 Dionysii,
863 1392 940 1431 suno
957 1375 1141 1435 MDan.

220 1460 294 1540 Meu
310 1483 407 1540 Ketha
424 1484 529 1539 salutat
546 1493 576 1539 te
594 1482 691 1539 adhue
708 1481 868 1554 singultans
892 1492 922 1537 et
941 1483 1044 1540 oculis
1063 1483 1138 1540 fletu
1152 1499 1204 1539 mr.

156 1574 241 1633 dm
683 1637 724 1695 T.
740 1636 889 1695 Martinus
905 1625 1029 1696 Luther
1043 1638 1178 1697 Ductor.

188 1966 435 2078 uectium.¹
541 2006 548 2020 ·
735 1986 738 1993 ’
808 1993 811 1999 ’
911 1983 1183 2077 uu'muurcvr.

546 2163 596 2231 tiu
618 2160 814 2242 stuttrtf.

158 2319 322 2372 temortatis
332 2318 600 2373 sustentantium
610 2319 648 2365 err
656 2300 823 2370 maturrime
832 2317 940 2370 rorum
953 2315 1010 2365 iiber
1018 2315 1088 2379 eset.
1096 2316 1211 2379 uerte.

514 2395 556 2441 tm
568 2392 720 2447 ziirtmtrtm
735 2403 761 2440 ιι.
772 2402 800 2447 r„
809 2402 840 2439 ιιι.
1144 2415 1148 2419 -

215 2626 267 2685 uus
280 2628 458 2689 urstisius
469 2633 633 2691 ιιιιιιθιιιιιιιι
646 2639 792 2693 &tumtum
806 2638 825 2686 t.
837 2639 883 2686 382.
896 2637 937 2691 im
950 2636 1097 2696 &thim
1111 2639 1161 2688 m.

160 2771 214 2862 G·
234 2824 263 2872 et
279 2815 317 2873 P.
350 2815 469 2873 Gratias
494 2833 548 2888 ago
566 2817 640 2884 tibi‚·
662 2818 774 2889 optime
790 2816 860 2884 Vir,
886 2816 966 2889 quod
990 2818 1145 2873 consolari
1168 2832 1212 2872 me

135 2905 289 2960 'volueris
306 2921 397 2975 super
414 2916 509 2961 morte
529 2906 603 2961 filiae
620 2923 704 2962 mere
722 2907 922 2963 charissimae.
957 2907 1104 2961 Amabam
1128 2923 1212 2975 saue,

159 3013 222 3050 uon
239 3005 349 3050 tautum
367 2995 449 3066 quod
473 3011 544 3050 earo
561 3013 626 3050 mea
644 3006 744 3064 esset,
768 2997 822 3052 sed
845 3008 905 3050 tum
925 2996 1042 3068 placido
1066 3006 1096 3050 et
1115 2998 1214 3068 quieto

160 3082 280 3152 ingenio
298 3085 430 3155 mihique
447 3083 732 3155 obsequentissima.
768 3084 824 3139 Sed
841 3101 920 3138 nune
939 3085 1069 3154 gaudeo,
1092 3103 1160 3140 erm
1177 3084 1215 3141 vi.

159 3191 232 3230 vere
256 3176 332 3247 apud
357 3185 469 3247 patrem
493 3191 581 3232 suum
605 3176 783 3231 suavissimo
809 3191 933 3240 somno,
958 3193 1056 3247 usque
1079 3179 1108 3231 iu
1137 3179 1214 3233 ilium

161 3264 251 3320 diem.
284 3263 324 3318 Et
341 3274 373 3318 ut
389 3274 458 3319 eunt
475 3275 577 3321 nostra
595 3277 749 3337 tempure,
775 3278 920 3336 eruntque
937 3268 1078 3320 continuo
1098 3269 1214 3337 pejora,

111 3366 114 3373 ·
163 3370 221 3423 ego
243 3369 282 3407 ex
300 3352 404 3407 intimo
422 3349 602 3422 corde‘petri
619 3354 691 3409 mihi
708 3365 738 3409 et
761 3353 897 3409 omnibus
915 3357 1009 3420 meis,
1025 3354 1078 3409 tibi
1096 3372 1215 3427 quoque

164 3455 195 3496 et
220 3442 358 3497 omnibus
375 3443 564 3516 nostrisdari
587 3445 713 3500 simiiem
734 3443 873 3499 transitus
897 3443 1021 3511 horam,
1044 3451 1116 3500 cum
1142 3456 1217 3502 tante

163 3531 237 3596 fide,
261 3531 372 3600 placida
401 3533 519 3603 quiete,
546 3532 608 3589 hoc
634 3546 699 3602 est,
725 3551 796 3589 vere
820 3534 989 3589 obdormire
1015 3535 1043 3590 in
1068 3535 1216 3603 Domino,

163 3632 295 3676 mortem
312 3638 372 3676 uon
385 3622 485 3676 videre
503 3639 600 3693 neque
617 3635 755 3694 gustare,
771 3640 870 3696 neque
887 3623 949 3680 ullo
967 3625 1026 3696 pilo
1044 3628 1155 3681 sentire
1173 3643 1216 3698 pr.

163 3726 280 3766 vorem.
309 3710 403 3779 Spero
416 3722 531 3783 tempus
541 3730 620 3766 nune
632 3729 699 3768 esse
711 3726 739 3768 et
751 3715 816 3769 fore
825 3713 902 3769 iliius
912 3714 981 3768 dieti
992 3713 1099 3786 Esajse
1112 3715 1216 3770 LVll.:

164 3799 254 3856 Jusri
270 3798 484 3871 eolliyuntur,
508 3807 537 3853 et
557 3800 685 3856 intrant
704 3802 841 3874 pacifice
862 3802 897 3855 in
914 3800 1091 3857 cubiculum
1111 3821 1216 3871 sum,

166 3897 202 3947 ut
226 3906 297 3944 cum
323 3887 487 3962 colliqes-et
504 3889 708 3961 frumentum
736 3891 771 3947 in
796 3891 949 3947 horreum
972 3909 1084 3962 suum,
1108 3896 1217 3950 tradat

164 3978 279 4054 paleas
303 3977 374 4053 iqm·
400 3994 475 4048 suo,
506 3996 596 4053 quem
624 3981 733 4038 meruit
757 3983 885 4039 mundus
908 3995 1102 4058 mereturque
1126 3986 1218 4044 edh'ue
