2730 4724
145 326 205 395 266
627 328 719 401 idio·

143 504 226 544 rare:
255 486 293 543 Si
312 488 385 562 ptris
406 487 501 543 alirad
520 489 736 565 Enanqettam
756 488 920 561 durarit,
948 490 1120 547 mutirem
1139 491 1182 547 sit.

142 576 212 633 Nec
229 577 270 633 ilii
286 590 405 635 nostras
415 578 571 635 Ecclesiae
588 580 737 647 ornaturi,
755 580 809 636 sed
820 582 961 637 vastaturi
976 582 1076 655 potius
1086 592 1182 641 etteat·

143 665 201 722 Sed
217 668 241 721 si
259 669 309 738 qui
326 680 427 724 essent
443 668 606 741 Episcopi,
631 671 683 743 qui
708 680 739 725 ut
756 670 839 727 Raab
855 684 1036 729 vererentur
1052 670 1182 743 judicium

141 756 220 825 Dei,
238 769 267 813 et
284 758 432 830 respicere
444 759 568 813 miseras
580 758 781 815 Ecclesiaste
792 762 933 829 patriam,
950 762 1088 834 amplecti
1099 762 1182 817 Ean.

141 849 250 921 gelium
269 861 392 921 propter
407 851 529 920 gloriam
547 851 655 905 Christi
681 861 712 906 et
735 867 822 905 suum
846 850 974 907 officium
997 866 1080 909 recte
1098 856 1182 908 lacere

141 938 269 994 vellent:
286 955 356 993 eum
372 939 420 993 liis
438 939 475 993 de
492 938 660 1011 adiaphoris
678 940 762 994 facile
784 940 862 995 foret
874 942 1054 1012 convenire,
1072 954 1104 999 ut
1115 959 1182 999 aaut

142 1045 264 1100 quoqne
277 1029 529 1084 dissimilitudines
542 1029 570 1082 in
585 1028 688 1083 ritibus
700 1029 870 1101 adiaphoris
882 1031 992 1102 passim
1005 1032 1075 1089 boni
1086 1048 1183 1089 consa.

139 1118 244 1186 limus,
261 1119 353 1174 niodo
369 1129 403 1173 ut
418 1118 496 1173 absit
513 1118 664 1189 impietas,
681 1130 711 1173 et
729 1120 890 1175 retineatur
906 1122 1061 1179 doctrinae
1075 1123 1182 1195 puritas.

205 1209 388 1265 Meministis
403 1209 492 1264 Attali
504 1208 679 1277 Pergameni
695 1209 861 1265 historiam.
891 1210 968 1267 Cum
986 1212 1184 1287 quispiane}-

140 1298 272 1354 cibiades
289 1296 419 1371 quodam
435 1298 605 1353 inconsulto
623 1296 721 1353 studio
736 1296 852 1368 pietatis
868 1316 982 1356 novam
998 1312 1029 1357 et
1045 1302 1183 1359 duriorem

140 1389 239 1443 vietus
255 1390 400 1442 rationem
416 1385 476 1441 sibi
491 1384 726 1456 praescriberet,
744 1402 779 1440 ae
796 1387 927 1458 quotidie
945 1399 1058 1449 tannim
1073 1409 1145 1464 pane
1158 1399 1184 1447 et

139 1479 201 1534 aale
217 1488 406 1542 vesceretur,
433 1487 462 1531 et
486 1475 648 1547 pauxillum
671 1492 763 1546 aquae
784 1477 918 1547 biberet,
945 1482 1062 1536 Attalus
1078 1482 1185 1553 Martyr

138 1570 252 1625 missua
269 1569 299 1623 in
315 1583 467 1622 carcerem
485 1565 642 1633 divinitus,
663 1565 768 1635 jussus
794 1577 840 1621 est
857 1568 1002 1625 Alcibiadi
1021 1554 1136 1641 dicere,
1157 1580 1185 1629 ut

140 1646 351 1715 communibus
369 1656 444 1711 cibis
464 1665 607 1710 vescatur.
643 1654 681 1709 Et
699 1655 772 1709 ratio
789 1657 903 1727 arijecta
921 1668 983 1727 est,
1001 1678 1040 1716 ne
1055 1662 1185 1717 scandale

139 1749 178 1804 ait
195 1748 330 1803 tratribus
340 1788 349 1816 ,
366 1748 428 1801 boc
440 1757 505 1812 est,
522 1764 559 1800 ne
576 1745 623 1801 alii
642 1746 779 1802 rudiores
798 1748 975 1804 admirantes
993 1750 1070 1806 lianc
1087 1764 1185 1807 novata

141 1849 172 1894 et
194 1838 393 1911 prodigiosam
415 1837 682 1903 consuetudinem,
709 1837 888 1893 arbritentur
904 1837 970 1893 talia
986 1856 1081 1912 opera
1096 1841 1185 1896 cultus

140 1945 224 1995 esse,
242 1937 271 1982 et
288 1927 500 1982 obliviscantur
517 1925 682 1981 doctrinam
701 1927 834 1988 deveris
852 1927 990 1984 cultibus.

206 2018 373 2075 Laudamus
390 2015 475 2084 igitur
491 2026 519 2070 et
536 2032 591 2069 nos
609 2030 680 2083 eos,
706 2017 757 2087 qui
781 2018 872 2071 etiam
896 2018 923 2073 in
941 2018 1109 2089 adiaphoris
1124 2020 1186 2075 abo.

138 2109 201 2164 lent
219 2108 290 2161 ritus
309 2107 438 2176 ineptos,
465 2115 498 2160 ut
516 2105 650 2176 jejunia,
676 2122 752 2177 (ittae
776 2107 883 2178 aliquid
904 2109 1015 2164 erroris
1040 2110 1187 2165 offundunt

139 2197 291 2269 imperitis.
325 2197 381 2253 Sed
398 2208 496 2251 tamen
513 2195 550 2249 de
567 2204 626 2249 tota
639 2196 736 2250 forma
749 2196 868 2268 politiae
881 2199 1106 2255 ecclesiasticae
1119 2200 1187 2255 inter

139 2287 206 2360 pios
231 2302 301 2343 tunc
326 2285 547 2341 deliberandum
565 2286 637 2350 erit,
663 2287 688 2342 si
716 2286 767 2356 qui
793 2298 880 2342 erunt
905 2288 954 2358 qui
980 2290 1188 2359 amplectentur

137 2376 345 2446 Evangelium.
382 2376 461 2432 Nam
488 2386 516 2430 et
540 2379 635 2431 forma
660 2376 853 2431 ordinationis
876 2379 1052 2447 corrigenda
1078 2392 1139 2444 est,
1162 2389 1188 2433 tt

139 2469 261 2523 tollendi
279 2484 410 2522 canones
428 2479 457 2521 et
474 2467 613 2537 digamia,
634 2478 663 2521 et
684 2468 882 2521 emendandae
899 2478 985 2522 erunt
1000 2468 1083 2537 leges
1101 2466 1208 2543 ponti.-

137 2557 222 2614 iiciae
239 2558 275 2612 de
293 2557 436 2612 divortiis.
470 2557 520 2612 Ne
545 2566 672 2628 possunt
695 2556 816 2628 quidem
842 2555 988 2612 durabiles
1008 2574 1079 2613 esse
1097 2560 1188 2630 leges,

138 2664 214 2720 quae
231 2667 292 2705 non
308 2660 377 2705 sunt
392 2648 530 2705 divinitus
548 2649 678 2702 traditae.
713 2646 857 2701 llortaadi
874 2647 958 2701 etiam
976 2660 1064 2703 erunt
1082 2649 1139 2719 illi,
1160 2658 1190 2705 ut

136 2739 323 2795 ceremonias
346 2736 503 2794 theatricas
528 2750 557 2793 et
582 2737 712 2806 indignas
737 2737 894 2792 christiana
912 2737 1055 2807 gravitate
1072 2740 1189 2806 tollant,

138 2830 225 2883 etiam
243 2830 406 2901 exemplis,
430 2829 532 2900 quales
551 2839 619 2883 sunt
637 2837 797 2883 statuarum
814 2828 997 2897 gestationes
1016 2838 1046 2883 et
1063 2828 1137 2885 aliae
1154 2830 1190 2884 si.

136 2919 233 2975 miles.
268 2920 433 2991 Sequemur
449 2937 507 2973 non
520 2917 651 2985 ethnica,
670 2917 723 2973 sed
737 2918 900 2988 apostolica
913 2918 1060 2987 exempla,
1077 2931 1107 2974 et
1118 2936 1193 2975 ame.

136 3026 205 3066 mus
222 3010 358 3082 diyinitus
374 3009 490 3064 traditas
507 3009 709 3075 ceremonias,
728 3025 852 3078 ‹puarum
870 3025 984 3063 sumnia
1001 3020 1049 3064 est
1064 3010 1191 3080 gravitas

138 3100 303 3157 et-utilitas.
328 3100 440 3154 Sonent
457 3100 485 3152 in
503 3097 621 3165 templis
635 3104 699 3168 piae
711 3108 740 3152 et
752 3099 880 3154 eruditae
892 3099 1066 3165 conciones,
1086 3099 1194 3155 habeat

135 3189 267 3262 populus
283 3188 459 3255 cantilenas,
476 3204 514 3243 ex
534 3188 642 3259 quibas
660 3188 771 3255 diseat,
790 3189 856 3243 linit
874 3188 1062 3260 precationes
1082 3190 1191 3258 seriae,

137 3280 307 3335 celebretur
322 3279 444 3351 synaxis
454 3319 463 3347 ,
484 3280 601 3350 quoties
619 3279 657 3351 pii
676 3281 899 3333 Sacramentum
917 3288 1033 3349 petunt.
1061 3278 1128 3334 Sed
1144 3297 1194 3334 an.

136 3370 252 3425 tecedat
271 3369 380 3441 privata
398 3369 562 3434 absolutio,
585 3385 660 3439 quae
687 3370 788 3423 multis
814 3371 850 3423 de
875 3369 973 3423 eritisis
994 3368 1147 3423 retinenda
1164 3380 1197 3425 et

137 3460 316 3518 restituenda
334 3470 390 3513 est.
424 3460 609 3515 Restitnatur
626 3471 656 3513 et
673 3460 966 3523 excommunicatio,
990 3476 1051 3513 non
1073 3472 1109 3513 ut
1127 3469 1196 3514 ante

137 3552 167 3609 in
185 3551 285 3607 litibus
303 3566 402 3605 rerum
420 3553 631 3621 profanarum,
649 3550 700 3605 sed
718 3551 755 3604 de
772 3550 886 3619 flagitiis
904 3548 1083 3615 manifestis,
1110 3550 1196 3604 aditi.

135 3641 207 3697 bitis
225 3644 254 3697 in
271 3639 332 3696 hoc
345 3642 491 3711 judicium
503 3640 671 3695 senioribus
684 3641 712 3693 in
725 3639 853 3710 qualibet
865 3638 1014 3697 Ecclesia.
1048 3638 1113 3693 liae
1126 3648 1196 3697 suut

137 3749 242 3802 graves
266 3743 293 3786 et
314 3733 499 3787 necessariae
524 3730 712 3785 ceremoniae
732 3730 766 3784 ad
785 3731 972 3784 sanciendam
989 3729 1194 3799 disciplinam,

136 3822 173 3877 de
198 3822 304 3894 quibus
328 3838 395 3874 cum
413 3821 589 3875 adversariis
608 3820 738 3874 nondum
757 3837 842 3887 agere
862 3835 1034 3891 possamus.
1071 3818 1193 3892 Quibus

136 3913 280 3984 tantisper
297 3911 365 3967 dnm
384 3922 554 3982 oppugnant
571 3909 782 3981 Evangelium,
801 3909 874 3964 nihil
892 3908 1075 3965 auctoritatis
1090 3909 1122 3964 iu
1134 3909 1193 3965 Ec.

137 4004 227 4060 clesia
245 4001 375 4058 tribuere
393 4015 562 4074 possumus.
