2730 4724
636 341 728 415 islo.
1146 347 1207 426 tlt

153 497 294 572 tandem,
321 502 392 576 quis
420 504 587 562 innocentia
610 504 676 576 eius
702 503 841 563 omnibus
865 511 938 563 note
962 510 1042 573 eret,
1069 503 1210 567 dimissus

154 591 245 647 rediit
267 592 304 647 ad
327 592 479 664 scholam,
504 593 555 650 nbi
570 611 675 666 inagna
697 595 850 651 sedulitate
866 612 928 651 non
947 596 1047 650 solum
1068 595 1211 651 docentes

153 680 283 749 audivit,
306 681 359 736 eed
376 685 463 738 etiam
480 683 542 738 aliis
566 683 631 755 ipse
648 684 812 740 doctrinam
833 685 1066 741 ecclesiasticum
1082 683 1210 763 tradidit.

149 769 275 833 Deinde
288 773 460 842 praefectus
470 771 620 828 Ecclesiis
634 770 756 828 fideliter
768 789 819 828 eae
826 771 1012 844 gubernavit,
1027 784 1058 830 et
1067 772 1213 830 acerrime

153 859 290 916 defendit
297 861 448 916 doctrinae
458 865 615 935 puritatem
626 862 770 919 adversus
780 862 1034 920 omnesfaneticse
1046 861 1213 937 opiniones.

153 948 226 1006 Hoc
250 951 277 1005 ei
301 949 508 1006 testimonium
531 949 704 1006 eruditionis
732 959 762 1003 et
789 951 902 1023 pietatis
925 951 1005 1008 bona
1029 951 1214 1009 conscientie

155 1038 368 1110 impertimus,
382 1056 417 1094 ac
435 1037 560 1095 libenter
575 1054 644 1095 eum
660 1030 906 1108 retinuissemue,
923 1041 947 1096 si
964 1041 1042 1114 apud
1057 1056 1115 1098 noe
1131 1057 1215 1098 mun·

155 1129 260 1185 sisset.
293 1128 352 1184 Sed
368 1129 436 1201 quia
452 1139 575 1184 vocatus
592 1130 628 1184 ad
645 1130 811 1185 docendum
824 1129 1035 1202 Evangeiium,
1054 1122 1103 1204 pie
1118 1131 1216 1187 sensit

155 1219 247 1274 etism
272 1218 336 1274 eliis
361 1216 506 1274 Eccieeiis
529 1218 719 1275 serviendum
744 1235 830 1286 esse,
854 1235 916 1274 non
938 1234 1043 1275 sumne
1066 1219 1215 1278 adversati

155 1306 289 1381 optimae
316 1307 380 1378 ejus
402 1307 556 1363 voluntati.
590 1303 674 1382 Quid
698 1307 779 1363 enirn
799 1305 955 1378 o'ptabllius
979 1318 1044 1379 est,
1068 1324 1158 1382 quam
1181 1319 1217 1365 nt

155 1397 250 1455 Deus
273 1396 348 1452 teies
371 1396 522 1469 ministros
546 1395 649 1469 plures
670 1388 706 1451 a'd
728 1394 1036 1468 Evangelii'meeeem
1059 1407 1152 1455 vocet
1177 1406 1216 1455 so

157 1487 285 1543 excitet.
320 1485 397 1541 Cum
413 1495 512 1540 eutem
534 1485 681 1558 inspectio
696 1483 902 1541 Ecclesiamm
924 1479 1111 1544 inMarchis
1124 1485 1216 1545 vobi'e

157 1576 297 1633 mandatu
313 1575 370 1643 sit,
387 1574 522 1631 dedimus
539 1575 566 1630 ei
582 1574 637 1630 hee
653 1574 752 1630 literas
772 1574 807 1631 ad
824 1574 880 1630 voi
896 1575 990 1631 veteri
1006 1574 1217 1634 Ecclesiarum
1335 1588 1339 1615 ¹

158 1668 321 1739 exemplo,
343 1675 375 1720 ut
396 1664 562 1720 doctrinam
587 1663 653 1735 ejus
676 1673 705 1720 et
720 1678 821 1720 mores
837 1663 925 1720 nobis
945 1663 1066 1738 probari
1089 1665 1216 1724 sciretis.

156 1758 323 1814 Hortamur
345 1764 445 1812 autem
473 1763 504 1809 et
526 1768 584 1810 vos
610 1764 641 1809 et
665 1754 755 1823 ulios,
785 1753 836 1825 qui
860 1752 1056 1825 Evmgelium
1080 1754 1131 1811 lilii
1154 1756 1218 1815 Del
1303 1749 1305 1753 ⁴

143 1855 277 1915 ’smsnt‚
300 1853 334 1899 ut
349 1842 433 1899 hunc
447 1842 597 1915 hospitem
613 1852 739 1915 propter
754 1850 896 1911 aetetem,
918 1843 1130 1913 eruditionem,
1154 1844 1217 1917 pie.

158 1944 251 1993 tatem
263 1945 293 1990 et
303 1933 458 2004 Evangelii
470 1932 689 2006 professionem
700 1931 901 1987 venerandum
917 1941 1048 1990 amenter
1059 1932 1216 2006 excipiatis
1338 1941 1344 1952 ’

161 2032 195 2081 et
216 2023 373 2096 adjuvetis.
407 2022 564 2097 Speremus
579 2019 729 2078 Ecclesiis
750 2018 862 2076 Christi
883 2019 1000 2079 labores
1025 2022 1091 2094 ejus
1113 2025 1218 2096 proin.

159 2124 249 2172 turos
265 2129 344 2170 esse.
377 2110 475 2180 Porro
491 2110 568 2184 tales
579 2109 717 2183 hospites
741 2125 779 2165 eo
795 2109 911 2183 majore
932 2109 1140 2169 benevolentia
1161 2127 1217 2170 ex.

161 2205 318 2277 cipereet
337 2201 415 2258 tueri
432 2215 489 2256 nos
511 2200 616 2269 decet,
640 2199 709 2279 quia
731 2199 866 2271 ipsorum
885 2214 975 2256 cause
990 2198 1078 2257 Dens
1094 2210 1216 2260 nostres

146 2292 317 2363 Ecclesiae
338 2292 481 2347 adversus
506 2299 644 2362 tyrannos
662 2289 806 2357 defendit,
829 2305 868 2343 ne
883 2289 1002 2360 penitus
1026 2291 1217 2362 extinguetur

159 2384 217 2442 lux
234 2379 402 2452 Evangelii,
420 2396 455 2434 ac
471 2388 504 2434 ut
521 2377 646 2434 familiae
661 2377 794 2447 ipsorum
811 2377 926 2449 aliquos
941 2377 1069 2435 habeant
1085 2380 1214 2438 nidulos.

162 2472 267 2548 Quare
291 2469 535 2527 commendamus
552 2466 639 2522 vobis
657 2465 699 2521 D.
717 2466 896 2535 Cordstum,
919 2467 1089 2526 Ductorem
1109 2471 1217 2529 Theo.

160 2562 274 2633 legiae.
305 2577 342 2616 sc
366 2573 523 2632 precamur
544 2557 648 2613 Deum
673 2555 794 2612 Patrem
824 2555 991 2614 liberatoris
1017 2555 1113 2615 nostri
1135 2560 1215 2618 decu

161 2651 285 2720 Christi,
302 2659 334 2705 ut
342 2648 497 2706 Ecclesiae
510 2658 628 2703 vestras
640 2645 771 2700 restituet
783 2661 818 2699 ac
830 2645 983 2715 gubernet.
1014 2648 1098 2704 Bene
1109 2651 1214 2711 valete.

159 2744 221 2802 Die
238 2747 281 2798 ts
298 2739 446 2808 Octobr„
462 2754 539 2795 enno
557 2735 694 2794 MDXL.

634 2848 727 2905 Mart.
744 2847 862 2904 Luther
879 2848 922 2905 D.

437 2939 514 2997 Joh.
529 2930 739 3010 Bugenhsgius
756 2938 961 3008 Pomeranus,
974 2938 1017 3005 D,
1034 2940 1079 2999 D.
1094 2941 1214 3002 Cordsti

569 3031 661 3084 irater
684 3028 714 3083 in
731 3025 851 3085 Christo
877 3040 1002 3102 propter
1019 3031 1215 3091 sinceriorem

571 3119 683 3175 Christi
700 3117 875 3174 doctrinam.

635 3207 745 3279 Philip.
761 3206 951 3265 Melantbon.

197 3611 242 3670 29.
258 3603 423 3670 Dttnitt.
872 3594 932 3654 Nl.
948 3594 1186 3661 Mncccchv.

320 3733 368 3824 itu
391 3752 447 3822 teu
469 3743 647 3829 insilitis
669 3742 833 3831 §sicut
854 3744 1066 3830 brictrici.

457 3904 567 3960 uitulus
580 3902 618 3956 fiir
630 3903 698 3952 suen
710 3913 790 3953 anteo
803 3902 934 3958 uterium.
