2730 4724
137 329 209 403 aas
463 429 466 433 .
628 327 719 396 tait.

142 487 392 547 ·Veneredi1ibus
413 496 445 546 et
463 481 700 546 dmentissimis
715 487 870 544 Doaninis
895 496 930 543 et
942 483 1120 557 fratribus
1134 484 1200 542 aaa

210 579 342 636 theseri
358 581 485 637 Alterio
502 587 533 634 et
549 580 645 636 sociis
661 581 695 635 in
712 578 915 649 consessione
930 578 1059 634 Christi
1072 576 1199 632 Veneriis

210 678 241 724 et
259 670 448 726 Vincentioe
464 677 521 724 etc.
538 669 764 725 sincerissimis
780 676 812 722 et
818 665 993 736 fidelibus.

146 769 290 871 Gratiam
316 827 345 872 et
369 833 471 889 pacem
495 817 523 872 in
549 816 670 873 Christo
695 815 830 872 Domino
854 824 881 868 et
910 814 1067 870 salvatore
1092 821 1198 875 noum,

145 907 254 960 Amen.
290 907 382 978 Quod
397 922 468 961 sero
480 908 515 959 ad
529 907 628 962 literas
641 917 671 962 et
682 907 839 976 petitiones
853 916 975 958 vestras
983 942 994 969 ,
1012 897 1198 958 amabilissimi

144 993 177 1050 in
193 994 329 1051 Domino
348 996 470 1064 iratres,
490 997 677 1070 respondeo,
696 1013 748 1068 per
765 994 920 1049 Christum
942 1010 1040 1063 rogo,
1065 1010 1103 1047 ne
1120 992 1198 1062 impu·

144 1083 214 1139 tetis
233 1101 316 1138 meae
333 1085 381 1139 vel
399 1087 592 1156 negligentiae
610 1086 659 1140 vel
678 1082 882 1154 ingratitudini.
922 1082 993 1138 lmo
1009 1095 1041 1138 et
1054 1082 1117 1136 hoc
1128 1095 1197 1151 rogo,

146 1173 173 1229 si
191 1174 220 1227 in
239 1173 369 1228 laturum
389 1176 582 1244 negligentior
598 1158 680 1229 iistis
699 1176 804 1241 tuero,
820 1189 859 1227 ne
877 1173 942 1228 ullo
961 1172 1058 1227 modo
1076 1171 1198 1236 credatis,

145 1279 317 1319 cormeum
335 1282 402 1334 erga
421 1281 476 1319 vos
494 1266 601 1335 frigere
619 1276 669 1320 aut
686 1274 816 1336 torpere.
850 1261 960 1318 Testis
973 1276 1062 1319 estet
1076 1262 1130 1316 erit
1138 1259 1198 1315 miti

145 1350 213 1425 ipae
230 1352 364 1408 cordium
383 1355 534 1424 inspector
550 1352 720 1421 Dominus,
746 1367 835 1424 quam
861 1352 1013 1420 fraterne,
1041 1352 1106 1405 imo
1125 1363 1198 1422 quau

144 1453 319 1499 reverenter
335 1442 372 1497 de
389 1444 474 1498 vobis
494 1444 678 1513 cogitamus,
703 1452 735 1495 ut
752 1458 828 1513 quos
846 1440 989 1497 videmus
1010 1440 1096 1496 douo
1112 1438 1199 1494 excel.

143 1531 218 1587 lenti
233 1533 353 1603 spiritus
366 1532 474 1588 Christi
493 1534 537 1588 sic
552 1532 700 1597 imbutos,
716 1533 760 1587 sic
778 1543 918 1598 ornatos,
938 1533 985 1585 sic
1003 1528 1200 1586 roboratoaic

108 1609 114 1619 ’
145 1620 316 1690 cognitione
334 1618 384 1679 lilii
403 1623 480 1690 Dei,
506 1633 538 1676 ut
561 1623 653 1678 vestri
679 1620 897 1692 comparatione
916 1620 1009 1675 nobis
1028 1622 1105 1692 ipsis
1120 1618 1199 1675 velte.

113 1762 115 1767 .
144 1722 265 1766 menter
281 1712 456 1769 sordeamus
474 1729 508 1768 ac
525 1707 750 1785 displiceamus,
768 1710 905 1783 quicum
924 1711 1026 1766 verbo
1047 1709 1107 1767 Dei
1124 1711 1199 1765 abas.

146 1803 271 1871 demus,
290 1803 317 1857 in
336 1805 490 1858 securiore
507 1802 596 1871 loco,
614 1811 711 1858 tamen
728 1802 815 1856 nimis
834 1801 982 1869 frigemus
1000 1802 1062 1856 vita
1081 1801 1160 1874 ipss,
1177 1808 1199 1853 et

145 1892 215 1965 plus
233 1893 305 1948 satis
323 1895 432 1966 tepenti
450 1893 552 1964 spiritu
570 1908 684 1948 sumas.
716 1891 788 1950 Non
807 1892 892 1962 igitar
909 1903 1064 1963 praetexu
1081 1892 1200 1947 multitu.

146 1981 470 2063 diosna-negotiorum,
495 2000 554 2037 non
571 1993 738 2050 senectam,
763 1998 816 2054 per
831 1997 898 2037 sese
917 1985 1034 2054 pigram
1054 1994 1085 2038 et
1104 1984 1200 2052 frigea-

145 2080 225 2140 tem,
250 2091 286 2127 ac
304 2091 383 2128 nnnc
401 2066 497 2128 etiam*
505 2072 677 2128 exhaustam
696 2085 725 2128 et
743 2072 939 2141 decrepitam,
965 2074 1019 2127 sed
1043 2074 1128 2146 quod
1144 2088 1201 2127 seu,

145 2163 215 2217 tiam
233 2163 304 2218 athil
330 2181 408 2235 opus
433 2180 501 2219 esse
524 2167 598 2218 meis
625 2164 726 2238 literis.
745 2163 877 2218 'Deinde
901 2163 995 2234 pudet
1019 2180 1072 2218 me
1098 2163 1132 2217 ad
1154 2176 1199 2216 ves

149 2254 358 2333 exhortandos
371 2254 610 2322 scribere,-cntn
628 2240 700 2310 nihil
717 2255 835 2323 dignum
848 2267 950 2308 vestro
969 2255 1080 2326 spiritu
1099 2254 1200 2328 possim

149 2345 300 2415 scribere:
319 2357 404 2409 tanta·
413 2362 467 2400 vos
487 2347 636 2415 praevenit
654 2345 856 2399 benedictione
873 2344 1054 2400 benedictus
1074 2357 1104 2402 et
1117 2344 1200 2401 dulcis

149 2433 285 2488 Salvator
297 2444 401 2488 noster
411 2432 433 2487 J
436 2450 503 2489 esus
516 2433 670 2499 Christus,
688 2435 725 2488 ita
738 2425 768 2488 ut
781 2450 885 2502 magno
901 2433 993 2488 nobis
1010 2436 1076 2490 sitis
1095 2434 1201 2506 gaudio,

152 2534 182 2579 et
206 2539 245 2578 ex
268 2522 356 2576 vobis
378 2534 408 2578 et
432 2524 523 2578 literis
547 2527 653 2580 vestris
678 2525 743 2597 plus
767 2524 981 2579 consolationis
1007 2527 1199 2598 accipiamus,

151 2631 240 2687 quam
260 2631 316 2667 vos
334 2630 372 2668 ex
391 2615 502 2669 nostris
527 2616 661 2686 accipere
688 2615 820 2685 possitis.
854 2612 926 2669 Non
951 2617 1103 2682 mentior,
1126 2615 1201 2672 testis

151 2712 219 2772 est,
237 2717 268 2759 ut
286 2705 363 2772 dixi,
381 2705 541 2762 Dominus.
575 2706 648 2759 Cam
667 2722 757 2771 vero,
777 2704 921 2759 Matthias
938 2704 1142 2777 Illyricns‚.⁸)
1158 2723 1201 2762 ae.

150 2793 204 2848 stri
224 2793 478 2862 studiosissimus,
496 2812 555 2848 non
575 2795 721 2848 desineret
738 2793 857 2861 exigere
876 2794 994 2858 literas,
1013 2797 1120 2851 saltem
1134 2797 1201 2850 sala.

151 2885 289 2952 tatorias,
309 2900 345 2937 ne
363 2884 448 2939 vobis
466 2884 494 2938 in
513 2884 664 2941 afflictione.
682 2884 783 2954 positis
799 2884 930 2955 suspicio
947 2885 1047 2957 aliqua
1063 2888 1201 2959 oriretur.

151 2961 236 3047 ¹quasi
255 2974 347 3028 vestri
367 2990 421 3027 nos
440 2973 568 3044 cepisset
586 2973 760 3043 negligentia
777 2974 823 3027 vel
842 2971 974 3041 oblivio,
997 2989 1125 3034 coactus
1142 2991 1200 3032 suat

151 3063 222 3120 istas
239 3063 395 3118 breviores
413 3063 562 3118 scribere.-

218 3152 382 3208 Admonuit
405 3163 502 3205 autem
523 3152 625 3207 mede
643 3150 805 3207 scribendis
823 3151 923 3206 denuo
940 3151 1036 3208 literis
1053 3171 1110 3224 per
1125 3152 1200 3210 Pria.

152 3244 236 3315 cipes
260 3253 382 3297 nostros
407 3243 440 3296 ad
460 3240 596 3296 Senatum
615 3240 759 3296 Venetum
781 3257 835 3311 pro
854 3241 961 3297 vinctis
980 3243 1199 3298 confessoribus

153 3333 276 3389 Christi.
310 3335 355 3385 Ac
379 3332 442 3386 scio
466 3348 554 3398 sane,
582 3347 649 3385 esse
666 3331 821 3401 Principes
847 3343 969 3386 nostros
997 3333 1119 3388 locutos
1136 3346 1198 3386 cum

154 3424 269 3492 Legsto
292 3422 422 3478 Veneto:
447 3422 516 3493 quid
540 3422 564 3474 is
584 3420 715 3475 effecerit
732 3421 912 3489 ignoramus.
948 3420 1042 3497 Quod
1067 3421 1093 3478 si
1116 3437 1197 3494 porro

126 3507 130 3515 ’
152 3527 224 3584 spes
242 3514 297 3577 sit,
316 3512 486 3583 profuturas
504 3524 572 3564 esse
590 3510 690 3564 literas
711 3509 879 3580 Principum
896 3510 934 3565 ad
954 3512 1096 3565 Senatum
1113 3512 1199 3566 Vene.

153 3610 234 3667 titan,
254 3616 343 3671 opera
362 3613 463 3654 nostra
481 3616 541 3654 non
558 3598 660 3652 deerit.
694 3598 885 3670 Suspicantur
899 3614 970 3654 sane
985 3602 1104 3672 quidam
1113 3642 1124 3672 ,
1139 3615 1197 3656 esse

152 3689 309 3761 Principes
328 3701 445 3744 nostros
465 3689 493 3744 in
511 3705 599 3762 parva
617 3687 757 3759 opinione
774 3689 851 3759 apud
869 3686 1012 3748 Venetos.
1035 3691 1061 3759 ¹)

202 3861 223 3910 l)
235 3859 289 3909 Μ
303 3859 415 3912 atttotse
429 3861 486 3913 ltili
500 3858 540 3908 itt
552 3858 640 3904 Budd.
655 3868 680 3905 tt.
692 3857 725 3902 tta
739 3856 767 3902 G.
778 3856 852 3906 Gollt.

156 3956 381 3973 m

203 4018 228 4067 ⁸>
241 4013 346 4070 stactus.
371 4014 405 4066 cr.
417 4013 463 4065 ut.
476 4021 499 4060 a.
512 4015 545 4063 ta
559 4015 621 4069 aaa.
636 4015 708 4065 istae
725 4011 770 4058 lle.
782 4011 936 4064 uttuxtvt.
