2730 4724
138 317 201 415 320
618 313 711 386 1540.

140 467 327 529 Venerabili
349 473 385 528 in
409 473 551 529 Domino
575 473 676 545 Viro,
699 470 819 531 Jocodo
842 472 1046 543 Stratum,-
1062 470 1171 547 quotn

203 561 325 618 Christi
346 563 381 617 in
403 562 565 619 Maronia
578 564 676 633 fideli
699 571 730 619 et
751 564 893 633 sincero,
916 578 977 619 suo
995 562 1033 621 s'ss
1048 561 1171 645 Dorsum

193 649 307 722 fratri
323 651 523 708 charissimo.
540 655 570 721 1)

138 792 282 892 Gratiam
294 850 323 894 et
336 856 437 911 pacem
451 841 480 896 in
492 839 625 897 Christo.
657 840 841 897 Venerabilis
858 838 1049 908 misecone,
1064 836 1171 916 munit

137 918 182 986 1).
194 928 339 986 Cordntus
350 931 380 994 *)
398 931 469 986 mihi
481 930 535 987 has
547 931 581 985 ed
594 944 623 987 te
633 931 747 999 literas,
770 943 800 987 et
825 931 953 988 extorsit
970 928 1020 989 ille
1030 924 1170 1003 quidem²l

138 1035 239 1087 ame,
256 1020 307 1090 qui
324 1020 393 1075 alies
410 1022 534 1076 fuissem
552 1023 586 1076 ad
605 1032 634 1077 te
650 1021 844 1079 libentissime
862 1021 1052 1094 scripturus,
1072 1020 1097 1076 si
1112 1019 1171 1075 acis·

137 1123 204 1165 sem
220 1110 268 1164 vel
285 1126 362 1182 opus
379 1125 445 1165 esse
462 1110 514 1166 tibi
527 1108 556 1178 ³)
574 1112 620 1166 vel
638 1122 763 1181 gratum.
795 1111 874 1167 Nam
892 1112 948 1166 etsi
962 1111 1082 1167 tendum
1098 1111 1171 1165 unico

139 1216 304 1270 congressu
322 1200 393 1256 milui
409 1212 498 1257 notus
516 1203 609 1258 factus
626 1204 684 1271 sis,
703 1215 798 1259 tameo
812 1204 849 1257 ita
861 1214 965 1275 captus
976 1218 1045 1259 sum
1055 1200 1171 1258 moribus

137 1290 197 1346 tuis
215 1289 335 1363 placidis
352 1306 387 1345 ac
403 1291 519 1359 ingenio
536 1291 638 1360 suavi,
661 1291 714 1346 sed
730 1290 841 1346 Christi
861 1291 965 1364 spiritu
982 1284 1013 1358 ⁴)
1038 1290 1128 1358 fideli,
1146 1296 1171 1343 ιι

138 1381 181 1438 tui
199 1398 319 1452 semper
335 1371 364 1446 ⁵)
380 1380 558 1437 amicissime
574 1380 699 1437 fecerim
714 1381 913 1448 mentionem,
926 1374 954 1448 ⁶)
971 1381 1023 1437 ubi
1039 1373 1070 1449 7)
1087 1400 1119 1438 se
1134 1382 1172 1434 de.

138 1472 233 1527 disset
249 1471 379 1527 occasio.
412 1471 493 1546 Quin
501 1465 531 1537 8)
548 1483 578 1527 et
589 1470 649 1526 hoc
662 1487 711 1526 me
720 1463 747 1536 ⁹)
763 1472 892 1527 maxime
903 1470 1090 1541 conciliavit,
1106 1467 1171 1544 quod

138 1561 255 1617 videam
272 1572 385 1616 tentum
402 1563 517 1617 fructus
530 1561 560 1616 in
571 1560 733 1632 Evangelio
745 1578 800 1633 per
810 1574 894 1618 tuum
906 1578 1050 1631 cursum,
1068 1562 1171 1617 (turim
1215 1568 1218 1645 j

138 1663 277 1723 regente,
295 1651 480 1725 provenisse.
490 1653 527 1718 ¹⁰)
562 1650 680 1708 Gratias
698 1650 889 1721 sponsos)
908 1662 938 1708 et
955 1651 1172 1727 oro,utquiin
1216 1654 1218 1661 '

137 1750 169 1797 te
185 1742 222 1808 ¹²)
247 1741 347 1814 coepit
371 1756 447 1812 opus
467 1740 580 1811 gratiae
602 1752 633 1794 et
655 1740 765 1810 gloriae
783 1754 869 1810 suae,
894 1738 1029 1813 perficiet
1045 1740 1173 1814 usquein

137 1831 244 1901 linem,
268 1831 374 1903 inquo
392 1829 589 1887 exultabimus
606 1829 715 1887 laetitia
732 1830 779 1885 illa
802 1833 851 1895 (ut
871 1830 982 1887 Petrus
998 1830 1053 1895 ait)
1075 1834 1174 1889 incorr.

137 1921 232 1978 rabili.
248 1919 289 1987 ¹³)
323 1920 425 1997 Quare
442 1931 472 1976 te
489 1920 613 1990 hortor,
632 1933 666 1978 ut
682 1936 807 1993 pergas,
828 1921 994 1992 fortiorque
1011 1920 1041 1978 in
1057 1922 1122 1979 dies
1136 1920 1175 1977 iu

138 2025 193 2087 per
210 2011 348 2066 virtutem
364 2011 482 2081 spiritus
499 2008 627 2078 Christi,
651 2010 701 2081 qui
727 2009 755 2064 in
781 2021 810 2065 te
831 2007 953 2066 habitet.
988 2010 1091 2068 Porro
1106 2007 1175 2085 quod

137 2117 199 2155 non
216 2100 287 2155 nihil
304 2092 344 2165 ¹⁴)
368 2099 482 2154 moveri
504 2109 533 2154 te
556 2099 687 2155 intellexi
712 2100 749 2153 de
778 2099 905 2155 adventu
931 2101 967 2158 sd
993 2118 1050 2157 vos
1076 2099 1176 2169 Mitt

136 2186 276 2253 otitftisp
294 2187 337 2258 ⁸⁴)
364 2189 517 2258 islebisni,
542 2189 689 2244 condoleo
714 2189 834 2261 quidem
860 2190 928 2259 tibi,
955 2192 1009 2246 sed
1028 2208 1133 2248 rursus
1154 2204 1176 2247 te

136 2278 262 2347 hortor,
274 2271 314 2344 ¹⁵)
333 2289 363 2333 ut
380 2279 514 2334 Satanam
524 2318 534 2347 ,
552 2279 663 2334 etiamsi
681 2277 709 2333 in
728 2279 784 2334 hac
803 2290 884 2350 parte
900 2278 987 2336 fieret
1004 2280 1058 2337 tibi
1069 2274 1107 2349 ¹⁶)
1123 2299 1178 2339 mo.

136 2369 247 2437 lenus,
271 2368 368 2423 animo
390 2367 553 2422 christiano
577 2381 762 2424 contemnas.
795 2368 867 2424 Non
888 2382 935 2425 est
952 2367 1066 2437 ilitiflet
1082 2368 1178 2434 &nidd

135 2458 162 2512 is
179 2460 241 2525 vir,
253 2449 293 2525 17)
311 2456 405 2529 qualis
423 2457 505 2528 cupit
521 2450 560 2521 ¹⁸)
578 2456 687 2526 videri,
705 2469 756 2512 aut
772 2459 889 2528 qualem
907 2460 1002 2515 credit
1019 2478 1090 2517 esse
1109 2461 1181 2517 Mar.

136 2547 226 2613 chio,
248 2562 346 2618 neque
365 2562 493 2617 unquam
510 2547 575 2601 erit.
607 2545 687 2602 Num
704 2545 729 2601 si
746 2546 821 2602 velis
845 2547 940 2616 scire,
962 2549 1106 2621 quidnam
1128 2553 1181 2624 ipss

136 2638 250 2694 vanites
268 2637 323 2705 sit,
347 2636 427 2691 nulla
450 2635 578 2691 certiore
601 2635 724 2705 imagine
750 2652 936 2706 cognosces,
962 2655 1053 2709 quam
1077 2640 1180 2697 lalebii.

136 2726 205 2783 llos
223 2726 430 2802 deprehendes
442 2736 541 2795 gestu,
557 2740 652 2795 voce,
671 2723 841 2792 cachinnis,
857 2726 984 2799 denique
1003 2723 1182 2795 emolliunt)

136 2807 226 2873 mimi
243 2806 425 2888 et'corporis
443 2813 571 2869 motibus
589 2825 618 2869 et
639 2812 793 2881 moribus,
810 2814 853 2880 ²⁰)
876 2813 922 2870 ut'
933 2831 1070 2874 scurram
1094 2821 1182 2892 possit

136 2921 276 2979 superare
287 2905 440 2976 quemvis.
474 2904 581 2977 Meum
598 2903 755 2959 consilium
772 2903 843 2973 fuit,
861 2914 895 2960 ut
910 2906 1096 2965 afuoctioue
1108 2910 1182 2966 verbi

135 2997 167 3053 in
183 3007 337 3052 aeternum
354 2992 582 3071 abstineret,²¹)
601 3004 629 3047 ct
642 2992 811 3063 jocularem
825 2995 952 3069 aliquem
964 2999 1183 3070 professionem

187 3251 208 3298 1)
222 3246 292 3298 ΜΗ
304 3243 418 3295 diffidi·
466 3244 488 3295 2)
506 3242 910 3300 Sil·†quantumlllstiuii,id.
959 3247 1184 3308 πάνθηρας

137 3319 278 3367 tihliuisse.
323 3321 345 3369 il
360 3318 462 3364 c.tl.A.
477 3316 729 3369 stnstervennet.
772 3318 1015 3381 distollunt.
1060 3325 1185 3373 sitm&

135 3394 247 3441 morien.
296 3395 320 3443 7)
335 3392 388 3437 Str.
403 3389 560 3436 css-nul.
602 3389 860 3449 'sedesque
910 3393 1105 3444 mets-me,
1130 3400 1185 3447 (χρ,

137 3468 197 3522 ‘ste
263 3469 297 3519 ιο)
314 3466 395 3515 ιιὶιιιιι.
412 3464 438 3516 tt.
451 3461 600 3520 pervenisse.
627 3461 681 3508 iltr.
699 3462 859 3518 promovisse.
911 3468 943 3516 tl)
962 3467 1017 3514 Str.
1037 3468 1060 3515 ei
1080 3482 1118 3525 gr,
1136 3483 1185 3527 ²3⁰·

137 3539 362 3591 illitu-inte.
411 3538 444 3588 13)
462 3534 738 3592 Steietgloriticats.
787 3538 820 3589 tu
838 3537 1024 3588 nonnihil.
1076 3544 1186 3594 mess

138 3613 200 3658 cti.
212 3616 242 3662 Α.
256 3611 349 3666 gaudeo
363 3615 388 3656 et
401 3609 488 3655 hortor
500 3612 534 3656 te.
583 3611 616 3661 tu
630 3607 690 3659 &ds
705 3609 729 3654 ὓ.
739 3611 767 3656 o.
781 3613 810 3655 Λ.
828 3609 848 3656 si
862 3610 905 3656 tibi
919 3623 962 3669 per
974 3611 1087 3661 lslebium
1102 3618 1185 3670 luerit,

137 3685 291 3732 studeret.
339 3680 575 3733 lilcusirtells.
623 3681 807 3734 filiationis.
853 3685 1040 3740 utentes.
1080 3692 1187 3746 dileto.

136 3780 162 3795 ι-
174 3760 200 3805 et
207 3757 319 3804 moribus.
357 3758 392 3808 21)
406 3756 459 3803 Str.
474 3754 600 3803 abstineat.

138 3891 366 3914 Μ

185 3993 208 4043 ι)
226 3993 257 4042 e.
271 3989 314 4035 so.
329 3988 516 4038 uloccccmv.
566 3992 604 4042 *u
620 3989 739 4047 sanese
799 4051 801 4055 .
