2730 4724
634 367 724 437 trra.
1141 358 1226 434 su,
1262 450 1267 454 ‚

150 526 341 596 exstinguere
354 524 507 583 constituit
517 543 571 602 per
587 535 671 582 tuum
683 529 861 582 discessum.
894 525 963 581 Jatn
980 533 1090 598 qrtanlo
1106 521 1201 581 levius

149 616 260 672 malurn
286 627 350 685 est,
371 633 432 671 non
456 616 617 688 baptisate,
643 632 730 688 quam
750 634 810 671 uon
833 616 1012 688 praedicare.
1047 613 1148 690 Quare
1173 607 1201 668 tc'

150 723 206 779 per
222 706 373 761 Christum
391 721 464 775 oro,
482 718 514 760 ut
530 699 815 760 tuae'conscieatiae
832 709 857 768 ¹)
878 705 1012 760 'futurum
1031 712 1201 759 remorsum

149 795 341 870 praevideas,
360 805 391 848 et
406 792 589 866 triumphum
607 786 694 849 istum
713 793 825 848 ridendi
838 794 958 849 Satanae
970 811 1031 849 non
1043 794 1202 849 concedas.

150 885 277 942 Plaudet
301 886 380 939 enim
396 884 531 939 manibus
556 896 586 939 et
602 884 757 954 jubilabit,
780 885 804 937 si
823 901 876 956 per
895 884 982 944 talem
1006 884 1162 939 ecclesiam
1185 895 1203 938 a

150 974 235 1028 verbi
248 974 409 1029 ministerio
422 983 450 1028 re
462 975 594 1044 sJecerit,
610 986 643 1027 ut
654 972 797 1028 ccclesiae
809 972 1007 1043 Amltergensl
1022 982 1082 1028 tam
1093 972 1203 1043 grande

150 1065 290 1120 damnum
316 1076 345 1118 et
367 1064 538 1118 scandalum
561 1063 751 1132 excitaverit,
774 1074 805 1118 et
822 1063 946 1120 elabitur
968 1063 999 1119 ln
1015 1065 1121 1119 malitia
1138 1079 1203 1120 aaa.

99 1140 117 1150 ”
151 1155 210 1211 Fac
235 1171 324 1224 crgo,
349 1164 382 1206 ut
399 1170 453 1224 per
468 1153 636 1225 patientiam
661 1153 748 1208 victis
773 1163 802 1208 et
825 1153 959 1208 confluis
984 1153 1049 1224 ejus
1071 1154 1204 1212 consiliis

151 1245 274 1316 gloriam
298 1254 327 1298 et
345 1242 526 1312 triumphum
545 1243 611 1313 ejus
629 1243 734 1298 reddas
752 1242 877 1298 irritum.
911 1243 978 1298 Hoc
1002 1243 1203 1315 inposterum

150 1335 204 1392 tibi
222 1334 328 1390 solatio
345 1344 374 1388 et
392 1333 496 1402 gaudio
513 1333 576 1388 erit.
610 1332 727 1388 Deinde
743 1349 868 1388 secutus
886 1349 945 1388 uon
960 1333 1077 1406 patieris
1095 1334 1204 1404 singul.

149 1434 235 1492 tum,
260 1438 349 1495 quem
373 1422 423 1477 tibi
441 1421 501 1477 boc
517 1422 651 1477 discessu
676 1438 729 1492 per
751 1422 955 1494 impatientiam
979 1422 1204 1480 thesaurisabis.

149 1512 304 1570 Dominus
321 1511 425 1582 dirigat
442 1526 496 1565 cor
520 1522 617 1582 tuum,
642 1521 674 1565 ut
696 1512 836 1581 intelligas
854 1529 953 1566 meum
974 1512 1132 1570 consilium
1149 1513 1202 1572 tibi

151 1619 222 1659 esse
239 1603 380 1670 salutare,
398 1604 505 1656 Amen.
537 1599 565 1655 l.
581 1599 730 1668 danuatii,
745 1615 823 1655 anno
838 1600 1030 1658 MDXLlll.

818 1704 859 1762 Τ.
876 1706 1025 1764 Martinus
1041 1707 1171 1770 Luthct.

185 2063 212 2128 l
228 2064 377 2136 datast.
896 2059 955 2161 llll.
971 2059 1169 2162 MMcxvli.

541 2213 590 2283 lla
611 2211 822 2292 baeturia.

149 2377 178 2427 fl.
191 2374 301 2423 anuuit
315 2374 355 2428 ila
368 2381 445 2428 utam
457 2370 542 2424 briem
554 2370 605 2418 mol
617 2377 664 2417 tun
677 2369 726 2421 ilar
736 2379 767 2417 aa
775 2371 799 2419 u
807 2366 944 2426 stimulum
953 2372 1059 2422 uetitus
1072 2352 1203 2427 tussam

505 2450 551 2491 asu
564 2442 638 2490 emal
650 2441 853 2496 ottonemlfdmtt.

607 2576 749 2591 m

212 2682 265 2732 alul
277 2677 454 2737 llutlt'alstl
467 2636 625 2731 engelradus
638 2676 785 2733 &emulum
798 2674 816 2722 t
828 2677 873 2726 lou
887 2673 927 2727 im
946 2672 1057 2741 &milae
1069 2674 1088 2720 i.
1100 2675 1149 2726 aas.

155 2813 343 2872 Clarissimo
368 2811 467 2878 Viro,
493 2805 633 2863 Domino
657 2802 829 2877 Moqistro
852 2802 992 2878 Georqio
1015 2801 1202 2887 Spolotirto,

220 2904 356 2959 Misnoe
367 2898 588 2955 Ecclesiorum
599 2893 779 2967 suspectari
790 2898 819 2946 er
830 2893 992 2965 Episcopo
998 2891 1203 2964 fidelissimo,

221 3010 279 3049 suo
295 2992 329 3047 t'n
346 2989 486 3046 Domino
494 2984 607 3057 fratri
623 2982 822 3039 charissimo.
1155 2992 1158 2996 ·

157 3126 211 3217 G·
229 3179 259 3224 et
275 3169 311 3225 Ρ.
346 3167 437 3244 Quod
460 3182 476 3220 a
491 3181 540 3220 me
558 3163 649 3236 petis,
675 3161 785 3234 optime
797 3160 968 3233 spalatino,
991 3171 1022 3216 ut
1045 3161 1098 3217 tibi
1115 3162 1205 3232 signi-

155 3261 262 3328 liccm,
285 3257 354 3331 quid
379 3256 497 3321 adme,
521 3254 568 3306 vel
595 3269 611 3306 a
636 3251 742 3323 quibus
768 3252 804 3305 de
828 3235 1017 3322 te'scriptum
1038 3251 1092 3319 sit,
1118 3251 1204 3307 statui

155 3350 277 3407 omniuo
295 3345 487 3404 differendum
504 3358 598 3414 usqae
617 3342 651 3395 ad
670 3342 851 3412 colloquium
873 3350 1020 3395 mutuum.
1053 3341 1102 3396 Sic
1125 3341 1205 3417 enim

155 3439 296 3512 respondi
316 3449 436 3510 quoque
454 3434 526 3500 illis,
554 3432 604 3503 qui
622 3431 813 3500 scripserunt.
849 3428 940 3502 Quod
963 3430 1029 3484 ideo
1046 3431 1143 3498 racio,
1167 3446 1204 3486 ue

154 3532 235 3586 forte
253 3527 377 3583 verbum
394 3527 520 3579 calamus
538 3520 645 3574 absens
663 3519 780 3584 sunder,
798 3519 878 3589 quod
896 3518 1081 3594 mederisma
1099 3521 1206 3592 possit·
1291 3578 1293 3582 ,

152 3618 219 3678 Res
236 3635 296 3674 non
314 3627 496 3683 cermagna,
514 3611 580 3665 ideo
598 3597 750 3664 scintillam
765 3607 862 3679 potius
880 3609 1069 3678 exstinguere
1087 3611 1204 3679 studeo,

154 3727 243 3784 quarn
261 3709 355 3762 elllare
375 3707 401 3759 in
420 3704 583 3767 flammam,
602 3701 677 3757 sicut
695 3699 840 3752 Dominus
858 3698 942 3753 dicit:
960 3696 1053 3753 Beati
1064 3702 1205 3772 pacifici.

154 3801 230 3857 Satis
247 3797 363 3854 abunde
380 3804 426 3848 est
442 3791 510 3846 alias
528 3787 718 3844 dissidiorum
735 3798 765 3841 er
782 3787 979 3842 offensionum
998 3801 1028 3848 et
1043 3788 1206 3851 turbatum.

153 3938 679 3966 ,,,,,,..,.....-.......-..-.....

204 4051 225 4100 t)
239 4044 299 4096 em.
314 4048 354 4088 lua
367 4038 524 4089 conscientia.
551 4035 612 4086 suu
626 4032 759 4088 &bertila
775 4034 800 4081 lu
813 4043 889 4082 turtur
902 4035 1026 4088 dltlulfftn.
