2730 4724
97 258 126 349 E

636 319 728 391 1543.
1148 313 1210 385 567

151 476 235 533 volui
259 475 375 548 abjecto
394 478 506 548 pudore
532 488 563 535 et
586 492 682 536 sumta
700 479 804 535 fiducie
828 477 865 535 de
888 475 1094 535 benevolentia
1114 474 1212 530 chari.

97 548 123 591 ⁵·
141 558 218 620 'tetis
243 579 379 651 vestrae),
404 565 481 622 lutee
498 567 647 623 modicula
671 580 701 625 et
726 569 808 624 rudia
825 586 880 641 pro
906 567 1104 637 responsione
1121 563 1210 620 vobis

149 655 334 711 rescribere.
370 655 456 736 Quare
483 667 548 713 utut
572 666 660 726 sunt,
685 676 778 728 rogo,
804 658 900 713 velitis
916 657 1043 725 benigne
1067 672 1128 709 uon
1153 669 1211 727 pro

146 746 268 802 meritis
286 756 335 801 eut
352 746 507 815 dignitate,
525 749 578 802 sed
596 765 650 819 pro
662 761 764 805 vestro
777 750 896 804 sincero
914 748 1044 802 caudore
1061 747 1210 816 occipere.

217 850 354 908 Primum
373 853 453 923 quod
472 853 590 924 petitis,
617 862 648 909 ut
666 853 821 926 Principes
845 864 964 908 nostres
987 848 1210 908 communionis

148 940 188 996 ed
200 941 338 996 Senatum
353 955 482 997 vestrum
496 947 521 1008 ¹)
539 961 593 1014 pro
610 944 697 998 vobis
716 942 865 1011 scribent,
883 941 910 997 id
925 941 1044 1014 quidem
1062 951 1091 994 et
1103 939 1211 995 sedulo

149 1041 186 1087 et
206 1031 315 1101 cupide
339 1033 450 1100 agimus
476 1049 571 1104 usque
588 1033 689 1089 modo.
724 1033 780 1088 Sed
797 1033 865 1104 quie
882 1047 996 1086 morem
1023 1029 1146 1100 requirit
1168 1029 1211 1084 di.

148 1121 258 1178 stantis
272 1121 408 1174 locorum
422 1131 450 1176 et
468 1121 609 1178 inlinitum
623 1139 700 1178 onus
711 1121 738 1187 ²)
756 1121 959 1191 negotiorum,
977 1137 1037 1191 quo
1052 1119 1208 1191 Principes

150 1218 220 1265 tum
238 1209 327 1277 forie,
346 1220 408 1263 turn
425 1210 506 1264 domi
524 1210 753 1280 distringantur,
777 1210 910 1285 nondum
926 1209 1097 1276 effecimus,
1115 1224 1210 1280 quen.

98 1312 101 1321 '
146 1308 218 1355 turn
235 1299 384 1353 volumus.
417 1299 505 1354 Deus
518 1299 584 1368 det,
602 1311 631 1353 ut
649 1300 822 1373 propediem
838 1299 894 1354 liet.
929 1299 980 1355 De
997 1297 1209 1369 promtitudine

148 1386 244 1443 enimi
262 1400 292 1442 et
309 1386 464 1443 voluntatis
483 1389 594 1442 nullum
612 1398 656 1443 est
672 1389 812 1458 dubium,
830 1388 921 1444 modo
938 1387 1139 1463 persulinum
1156 1400 1210 1442 cu.

150 1493 220 1536 rem
236 1478 322 1533 citius
342 1477 402 1533 fieri
421 1479 523 1550 possit.
544 1479 572 1544 ⁸)

222 1583 271 1637 De
284 1583 385 1638 sciolis
403 1593 431 1639 et
448 1582 636 1640 currentibus
653 1585 715 1639 sine
728 1584 871 1641 missione
883 1582 1105 1656 Prophetsstris
1121 1582 1208 1638 facile

150 1672 244 1729 vobis
262 1675 362 1728 credo.
395 1673 607 1729 Exercuerunt
631 1675 704 1729 istae
722 1690 821 1744 pestes
838 1674 959 1730 Satanae
984 1683 1013 1729 et
1038 1689 1094 1728 nos
1113 1672 1208 1728 multo

149 1764 240 1835 plus,
267 1780 355 1834 quarn
381 1763 443 1833 ipse
461 1763 676 1820 Antichristus:
702 1781 757 1817 uec
784 1763 882 1818 adhuc
902 1763 1060 1836 quieseunt
1083 1777 1208 1829 omnes,

151 1853 223 1907 licet
241 1854 349 1907 fractae
374 1853 429 1906 sint
448 1858 507 1907 n'on
526 1868 629 1924 parum
646 1853 725 1907 vires
750 1868 855 1907 eorum
877 1869 932 1924 per
949 1849 1116 1907 Christum.
1150 1851 1209 1906 Sed

151 1957 216 1997 non
241 1957 344 1995 sumus
371 1941 509 1996 meliores
536 1941 667 2013 patribus
692 1941 813 1997 nostris.
856 1941 990 2012 Oportet
1015 1939 1163 1995 haereses
1179 1937 1209 2007 ³)

154 2047 241 2100 esse,
265 2038 300 2085 ut
320 2028 452 2101 probati
475 2029 741 2100 manifestentur:
769 2039 797 2084 et
822 2035 857 2084 ut
881 2028 915 2084 in
937 2028 1057 2102 populo
1081 2029 1138 2085 illo
1156 2020 1213 2095 (nit¹

153 2120 280 2186 Petrus)
295 2119 438 2190 fuerunt
459 2118 780 2192 Pseudoprophetae,
811 2119 859 2175 ita
884 2126 914 2174 et
942 2119 977 2175 in
1004 2118 1089 2176 vohis
1113 2125 1210 2173 erunt

141 2207 235 2282 salsi
256 2208 418 2281 magistri.
452 2208 581 2280 Oportet
594 2209 704 2263 dudem
727 2208 901 2264 Isceriotern
925 2208 1074 2274 eminere,
1098 2208 1209 2268 nedum

150 2288 284 2356 misceri.
301 2290 331 2366 ιθ)

221 2404 297 2458 Cum
323 2420 379 2458 una
402 2414 483 2476 parte
506 2403 553 2457 vel
571 2412 653 2474 perte
670 2404 794 2475 quedem
820 2405 907 2459 unius
930 2405 1019 2477 pertis
1037 2405 1210 2461 Sacramen-
1243 2474 1246 2480 Ι

153 2493 300 2549 terioruru
326 2494 355 2548 in
377 2495 497 2562 gretiam
523 2493 646 2546 reditum
672 2505 726 2546 est.
760 2493 823 2548 Det
840 2492 996 2561 Christus,
1023 2505 1055 2548 ut
1074 2495 1110 2548 sit
1126 2494 1223 2550 firmo

154 2593 185 2638 et
203 2593 355 2655 perpetue.
388 2581 438 2636 Ex
456 2581 503 2635 his
522 2581 726 2649 Besileeoses,
746 2580 972 2650 Argentinenses
991 2593 1019 2636 et
1036 2583 1209 2652 Ulmenses,

152 2690 217 2729 uon
235 2673 354 2744 quidem
378 2683 542 2742 expurgato
561 2670 677 2742 penitus
695 2672 786 2724 veten’
806 2671 953 2724 fermento
977 2670 1006 2725 in
1022 2671 1128 2740 vulgo:
1153 2674 1209 2728 mi.

152 2764 310 2820 nisterium
327 2772 422 2816 tamen
449 2773 478 2815 et
495 2760 628 2815 doctrine
646 2759 726 2815 salva
749 2770 778 2814 et
796 2776 865 2814 sana
885 2775 953 2815 esse
970 2761 1095 2816 videtur.
1127 2761 1208 2818 Nam

153 2855 291 2911 Bucerus
315 2853 458 2921 collegam
483 2853 539 2921 agit
556 2850 686 2921 Philippi
713 2851 740 2904 in
759 2851 929 2906 Coloniensi
948 2850 1101 2920 Ecclesia,
1125 2853 1208 2926 quod

153 2944 309 3000 ferendum
326 2960 386 2996 non
405 2955 503 3008 esset,
529 2959 586 2995 nec
603 2940 757 3012 '‘hilippus
775 2952 942 3010 pateretur,
961 2942 986 2998 si
1004 2944 1139 3014 impurus
1156 2942 1208 2999 hs.

153 3035 287 3090 beretur.
321 3033 376 3087 Sed
403 3033 429 3085 in
449 3032 582 3087 llelvetia
607 3041 799 3100 perseverant
822 3032 993 3101 praesertim
1017 3032 1152 3101 Tigurini
1178 3041 1209 3089 et

155 3125 246 3179 vicini
271 3124 374 3178 hostes
397 3121 590 3187 Sacrameuti,
617 3132 646 3174 et
671 3132 793 3175 utuntur
819 3123 940 3193 profano
966 3139 1040 3194 pene
1066 3133 1093 3177 et
1119 3126 1206 3192 vino,

158 3215 285 3269 excluso
303 3227 429 3282 corpore
448 3221 478 3264 et
494 3209 634 3278 sanguiue
646 3208 773 3268 Christi:
792 3210 896 3265 eruditi
913 3226 981 3267 sune
994 3211 1048 3266 viri
1067 3212 1094 3265 in
1112 3212 1208 3285 omni.

154 3306 212 3361 bus
231 3304 351 3373 linguis,
375 3303 425 3357 sed
443 3301 545 3372 spiritu
563 3301 657 3353 alieno
682 3300 820 3369 anobis,
845 3299 934 3368 ebrii,
957 3317 1086 3373 quorum
1105 3314 1207 3358 corita.

206 3549 437 3601 tistr.veuetum.'
476 3535 659 3604 'menopes
704 3543 952 3598 usenuaereucos.
1001 3546 1135 3604 tltrtttrn
1148 3548 1206 3609 &sp

158 3625 210 3676 tter
223 3627 278 3670 Str.
292 3633 349 3677 usn.

160 3753 386 3770 μ

207 3847 230 3893 ·)
247 3843 295 3892 rute
313 3840 480 3894 eusnnrtttdim
494 3839 588 3894 nisum
606 3837 704 3890 enititur
722 3837 776 3889 oud
792 3835 893 3886 utrtltd
907 3841 976 3884 untes
989 3839 1009 3884 l.
1021 3840 1054 3886 26.
1068 3840 1129 3894 uun.
1143 3843 1164 3888 t.
1177 3840 1205 3896 z.

156 3917 194 3964 etn
207 3916 529 3966 ulemmtnnnistsdtretttn
542 3924 571 3959 nn
584 3913 619 3958 lte
633 3912 766 3965 uenierunt
782 3917 828 3958 uon
841 3911 958 3966 sentite.
976 3913 1070 3963 uetuit
1088 3923 1113 3967 ur
1130 3913 1210 3966 iuben

156 3993 184 4038 in
196 3990 343 4042 &trebete
358 3989 458 4041 uitiiset.
471 3992 490 4034 1.
500 3986 651 4038 surinus&
661 3987 705 4034 199.
717 3985 758 4038 tt.
