2616 4710
608 364 698 440 15⁴5.
1111 359 1172 431 761

171 520 208 577 stt
225 521 366 580 itiitere}
384 521 487 572 vittis.
501 522 604 585 Langen
623 537 647 584 p.
659 528 719 583 tan
740 525 781 576 int
794 523 1062 572 Sintoi-ittam
1078 530 1102 579 p.
1113 520 1175 576 diis

116 594 209 646 teatin
225 597 266 648 tta
284 596 380 648 wetti
392 597 455 645 xxi·
469 600 527 658 tta.
551 600 607 661 {sit
625 600 697 661 tetta
715 598 812 646 norit.
829 599 871 648 111.
890 598 966 660 tito.
984 596 1112 653 terminon
1128 596 1177 642 ttttt

116 669 276 722 adertidtt
288 671 423 722 satanan
437 672 481 721 etti
495 672 574 720 tinent·
583 672 736 727 donatiam
749 673 823 724 Ctttr
835 674 931 730 tenant.

119 799 311 857 Venerabili
333 802 434 873 Viro,
459 804 494 858 in
520 804 648 861 Christo
663 804 777 876 fratri
804 804 857 861 M.
885 802 1024 877 Georqio
1050 800 1175 871 Molrr,

251 909 341 948 servo
359 894 547 969 Evanqelii,
570 912 628 951 sao
644 896 679 951 in
697 895 825 952 Christo
841 893 1045 950 charissimo.

118 1022 176 1114 G·
195 1079 226 1126 et
241 1069 279 1127 P.
297 1072 326 1127 in
343 1071 386 1127 D.
420 1070 578 1143 Obsecro,
595 1069 620 1140 1)
642 1074 684 1131 mi
701 1059 832 1144 Georgi,
851 1089 889 1128 ne
906 1068 949 1128 sis
967 1071 1041 1124 adeo
1059 1066 1177 1141 pusilis.

115 1157 227 1227 nimis,
243 1177 301 1215 neo
318 1172 377 1216 tant
395 1164 457 1218 cito
474 1163 660 1235 despondeas
678 1165 819 1218 animum.
852 1161 932 1217 vivit
949 1159 1065 1227 adbuc,
1082 1158 1178 1213 rivet.

115 1264 179 1320 que
196 1250 226 1305 in
244 1264 416 1321 oeternum,
436 1254 486 1326 qui
503 1255 592 1310 dixit:
610 1255 688 1309 Non
705 1262 735 1309 te
746 1254 908 1321 deseram,
924 1269 980 1307 nee
997 1258 1026 1304 te
1038 1248 1177 1304 dereiim

114 1355 233 1414 quoin,
260 1357 351 1413 quem
378 1352 412 1399 tu
441 1345 614 1416 praedicasti
641 1354 685 1399 tot
713 1344 812 1412 annis,
842 1342 929 1398 talem
958 1358 1027 1397 esse
1055 1349 1094 1394 et·
1111 1340 1176 1395 fore

115 1445 249 1502 semper.
282 1431 392 1509 Taum
401 1441 463 1501 est,
482 1444 513 1488 ut
526 1434 601 1487 ieras
613 1433 691 1488 hano
704 1434 892 1509 tentationem
905 1431 989 1500 fidei,
1007 1440 1039 1483 ut
1054 1428 1177 1501 probes,

115 1534 196 1590 quae
221 1521 257 1575 sit
274 1520 368 1575 virtus
385 1521 500 1587 Dei.²)
535 1522 626 1597 Quod
646 1522 825 1594 suspicaris,
854 1537 893 1576 ex
918 1519 1067 1574 amotione
1092 1517 1134 1573 tui
1159 1533 1176 1572 e

114 1604 296 1678 Numburga
309 1610 360 1665 tibi
374 1621 473 1665 ortum
486 1626 552 1666 esse
566 1622 751 1666 contemtum
764 1611 804 1665 tui
818 1621 846 1664 et
858 1607 1033 1680 periculum,
1046 1603 1177 1674 sotasstt

113 1696 181 1754 hoo
205 1717 266 1755 non
291 1701 328 1756 ita
353 1716 386 1755 se
411 1701 534 1758 habere.
575 1701 670 1771 Nam,
698 1713 732 1757 ut
755 1702 852 1770 nosti,
879 1699 969 1755 rebus
995 1715 1053 1753 non
1081 1695 1180 1768 potuit

115 1789 254 1857 consuli,
272 1789 328 1845 nisi
346 1800 471 1863 uterque
484 1801 515 1846 tu
533 1801 563 1846 et
574 1790 733 1847 Medlerus
751 1807 789 1845 eo
800 1802 936 1861 tempore
953 1787 1177 1850 amoreremini.

114 1876 191 1946 sen,
208 1879 249 1933 uti
268 1879 385 1935 illinon
403 1880 459 1935 fuit
477 1880 603 1949 infame,
614 1873 646 1946 ⁴)
663 1897 720 1935 neo
736 1880 788 1935 tibi
805 1880 871 1934 erit.
905 1878 1035 1935 Proinde
1050 1876 1177 1931 meliora

115 1965 157 2021 de
173 1966 262 2022 nobis
279 1967 393 2038 cogites
409 1969 510 2023 velim.
543 1968 615 2024 Non
635 1969 772 2023 volumus
794 1978 822 2023 te
840 1969 993 2034 relietum,
1005 1958 1040 2032 4)
1064 1976 1177 2020 tentum

113 2054 203 2112 brevi
215 2055 326 2113 habeto
337 2053 365 2121 ⁶)
382 2059 561 2130 patientiam,
580 2060 676 2114 donee
688 2059 834 2131 Princeps
848 2075 927 2115 nunc
938 2057 1043 2113 difficili
1055 2056 1135 2123 bello
1147 2053 1177 2123 ⁸)

114 2142 278 2218 implicitus
304 2146 413 2202 redeat.
456 2149 537 2203 Tum
563 2147 610 2203 vel
636 2147 812 2220 stipendium
837 2147 885 2203 tibi
914 2146 1094 2219 impetrabo,
1126 2144 1177 2200 vei

109 2220 236 2291 interim
254 2237 424 2293 conditione
441 2239 538 2311 aliqua
556 2238 796 2310 providebimus,
814 2254 902 2311 quam
916 2230 1088 2310 primumi)
1105 2251 1178 2309 pos-

112 2338 233 2382 sumus.
267 2325 340 2380 Non
359 2326 573 2382 obiivisoemur
590 2326 641 2383 tui.
675 2326 753 2382 Nam
770 2345 827 2382 nec
848 2343 1024 2399 possumus,
1048 2343 1105 2380 neo
1122 2343 1178 2379 vo.

110 2415 216 2471 lamus
243 2412 355 2470 donum
371 2416 448 2484 Dei,
473 2416 554 2488 quod
579 2417 608 2470 in
633 2427 663 2471 te
686 2426 749 2484 est,
774 2427 803 2471 et
821 2419 960 2472 talentum
980 2417 1079 2471 datum
1105 2431 1175 2471 esse

111 2503 249 2560 otiosum
266 2514 315 2559 aut
334 2504 507 2560 extinctum.
542 2505 672 2560 Tantum
691 2515 755 2560 esto
772 2505 820 2559 vir
837 2505 940 2571 tonis,
967 2516 996 2560 et
1013 2504 1127 2559 confide
1145 2505 1176 2559 in

109 2593 275 2663 Domino,
293 2594 321 2650 id
335 2595 416 2666 quod
430 2596 574 2649 hactenus
587 2595 659 2649 alios
672 2594 810 2649 docuisti.
845 2593 934 2649 Mitto
947 2593 1001 2648 tibi
1018 2593 1176 2663 insignum

111 2700 186 2753 erga
204 2694 232 2738 te
244 2700 328 2739 meae
340 2684 489 2739 charitatis
508 2694 537 2739 et
549 2683 671 2737 dextrae
684 2682 908 2737 existimationis
920 2683 981 2737 hoc
994 2683 1132 2752 exiguum
1143 2676 1174 2748 ⁸)

109 2775 347 2840 munusculum,
369 2774 423 2829 sed
448 2789 585 2842 magnum
610 2772 786 2844 prophetem
805 2771 955 2840 Hoseam,
980 2788 1049 2826 meo
1073 2771 1177 2826 labore

109 2874 146 2920 et
164 2863 245 2919 dono
266 2862 326 2919 Dei
344 2863 540 2935 expttcatum,
558 2871 589 2915 ut
605 2861 648 2916 sis
667 2872 784 2926 certus,
800 2872 830 2915 te
848 2876 915 2916 esse
933 2869 961 2913 et
978 2862 1044 2915 iore
1062 2861 1089 2915 in
1108 2877 1175 2916 mea

107 2953 279 3021 memoria,
302 2954 338 3007 ad
364 2952 582 3008 consulendum
609 2950 660 3005 tibi
687 2949 899 3022 promtissime.
916 2942 944 3016 ⁹)
979 2954 1024 3005 Ao
1048 2951 1073 3006 ti
1099 2951 1175 3006 t‘orte

107 3045 242 3101 obrutus
259 3043 387 3113 negotiis
405 3042 453 3096 vel
467 3044 502 3108 ¹⁰)
519 3040 727 3095 tentationibus
746 3039 911 3109 differrem,
929 3040 1054 3095 liberum
1072 3040 1106 3094 ad
1126 3056 1174 3094 tne

107 3135 226 3191 aditum
252 3133 304 3189 tibi
332 3144 433 3205 patere
460 3132 554 3197 scias,
579 3131 643 3185 sive
669 3130 759 3183 literis
788 3138 851 3186 sive
877 3130 996 3186 nuntiis.
1040 3130 1174 3187 Tantum

107 3226 231 3283 sustine
250 3223 415 3279 Dominum
440 3231 470 3276 et
488 3221 613 3276 viriliter
636 3236 698 3290 ege.
732 3220 805 3277 Vale
829 3218 858 3276 in
881 3220 1020 3289 Christo,
1044 3219 1109 3295 ipso
1127 3221 1173 3278 dio
1227 3218 1230 3223 ’

106 3316 146 3372 S.
164 3313 263 3383 Galli,
280 3315 316 3380 ¹¹)
334 3309 502 3369 MDXLV.

808 3386 959 3445 Martinus
976 3388 1139 3446 Lutherus.

105 3554 644 3584 ,μυ-ΡΜ

164 3656 375 3710 ttAurir.†te.
411 3653 822 3710 astitere-utpiooeretc.
858 3653 992 3705 nescio.
1028 3651 1171 3706 distiti.

104 3734 180 3786 ςὶΑ.
193 3731 345 3779 derelictum.
381 3729 404 3777 6)
416 3731 446 3774 Α.
459 3726 529 3771 habe.
551 3726 664 3780 vi'tcod.
674 3728 702 3772 G.
715 3725 849 3782 plurinum.
888 3725 1173 3777 Sidonida-exi.

105 3819 192 3867 gnum.
229 3809 251 3858 tt
265 3805 326 3851 (λθ.
340 3799 576 3860 Α.ριοωῑίωὶιιιυιιι.
615 3801 735 3849 tomas.
773 3801 806 3853 tt)
815 3802 844 3848 Λ.
854 3797 893 3848 die
901 3798 995 3848 hieriae
1003 3797 1172 3858 Mendetedee.

159 4046 182 4094 ‘i
195 4043 277 4096 (dttts
291 4037 378 4097 pertas
391 4035 500 4098 neimo
511 4041 535 4091 t,
550 4031 739 4091 oratotoriis.
