2730 4724
643 342 738 421 tato.
1156 340 1221 412 ast
1284 321 1286 326 ’

229 496 355 555 Habetis
372 515 521 556 summanr
536 512 656 559 nostrae
674 503 855 572 sententiae,
870 505 909 561 in
927 494 1218 577 qttsslleo‘fflnta,

152 587 395 647 ⁴n’lailanaatattrri
410 607 535 660 sumus,
560 596 765 666 necprut'aaa
783 595 896 666 judicia
918 611 1060 650 vereatur
1082 591 1217 660 illorum,

164 677 399 752 qui'clamitant,
423 683 614 753 pertinaciam
630 700 795 756 pancorum
811 685 969 740 incendere
983 680 1097 739 bellum
1114 682 1218 749 civile,

163 771 382 837 vociferantur,
400 773 543 844 quaedam
560 775 754 830 condonanda
772 791 840 830 esse
858 771 989 846 publicae
1003 771 1218 844 tranquillitati,

163 860 259 916 satius
271 877 339 915 esse
351 861 462 917 habere
479 864 703 935 qualescunque
715 880 802 935 quam
818 866 911 919 nullas
925 864 1091 930 Ecclesias,
1110 862 1219 915 debere

162 966 219 1005 nos
237 951 274 1005 de
292 951 341 1006 his
359 955 574 1009 controversiis
592 958 739 1010 anteferre
765 955 976 1020 concordiam,
1002 965 1034 1008 ut
1051 953 1219 1009 Turcicum

162 1040 276 1095 bellum
288 1042 397 1114 suscipi
411 1045 514 1112 possit.
552 1045 690 1117 Denique
703 1046 794 1100 utulta
813 1063 828 1099 a
847 1045 1029 1116 sapientibus
1045 1043 1142 1112 coligi
1160 1040 1218 1095 s'ci.

161 1146 232 1186 mus
249 1132 285 1185 ad
302 1149 361 1194 nus
376 1133 649 1205 reprehendendos.
683 1135 752 1191 Nec
775 1152 831 1190 nos
853 1137 927 1188 adeo
945 1135 1009 1189 siue
1026 1148 1115 1189 sensu
1134 1146 1218 1185 com.

161 1222 247 1277 muni
263 1239 386 1289 sumus,
402 1237 434 1279 ut
451 1224 507 1280 soli
526 1244 585 1281 nrm
604 1227 754 1281 videamus
772 1225 900 1297 pericula
919 1237 1018 1280 nostra
1035 1234 1065 1278 et
1082 1236 1218 1277 commu.

160 1312 220 1367 n'a.
251 1311 311 1367 Sed
327 1315 464 1370 mandato
480 1317 544 1375 Dei
559 1315 823 1388 obtemperandum
841 1327 904 1380 eat,
930 1316 979 1386 qui
1003 1312 1130 1385 postulat
1146 1328 1218 1366 con.

161 1401 329 1456 sessionem
352 1420 440 1459 verae
463 1405 614 1460 doctrinae
638 1417 668 1461 ct
692 1405 956 1477 reprehensionem
978 1402 1138 1475 impiorum
1155 1401 1218 1454 cul.

159 1501 312 1560 tuum,et
329 1494 441 1548 exitum
457 1495 523 1551 vult
538 1494 595 1551 sibi
614 1496 827 1551 commendari.
862 1495 928 1549 Etsi
947 1504 1116 1548 autemnon
1134 1489 1218 1545 dubi.
1269 1562 1273 1574 ἱ

161 1590 280 1647 umus,
304 1583 374 1653 quin
392 1599 464 1651 voa,
488 1594 523 1639 ut
544 1583 704 1650 hacteuus,
729 1600 798 1638 curn
816 1584 949 1639 Ecclesia
968 1595 1068 1638 nostra
1086 1590 1215 1637 vestram

160 1670 338 1727 sententiam
355 1673 546 1744 conjuncturi
563 1674 646 1742 sitis,
665 1687 762 1728 tamen
780 1673 836 1728 vos
854 1674 941 1728 etiarn
959 1685 1046 1744 atque
1064 1669 1149 1726 etiarn
1168 1686 1216 1724 ro.

161 1777 284 1830 gamus,
302 1772 334 1816 ut
351 1763 437 1818 nobis
456 1764 636 1819 voluntatem
653 1776 783 1820 vestram
801 1758 985 1834 significetis,
1003 1775 1032 1818 et
1049 1776 1216 1835 speramus,

161 1849 332 1907 Ecclesiam
349 1865 478 1909 vestram
494 1866 685 1926 sequuturam
702 1871 772 1910 esse
788 1868 886 1910 vestra
900 1854 1045 1923 suffragia.
1077 1851 1144 1907 Etsi
1157 1850 1216 1926 scip

161 1955 230 1998 mus
247 1943 321 1997 alios
340 1944 485 2015 quosdam
502 1960 572 2000 esse
590 1945 788 2016 aligarchicos
805 1944 963 2011 homines,
988 1943 1038 2016 qui
1057 1940 1215 1997 ut'Eccle.

160 2032 240 2099 aiae,
256 2033 294 2088 ita
311 2033 509 2090 aristocratiae
526 2036 842 2106 pulcherritttae·urbis
859 2053 920 2090 nou
938 2046 1008 2089 sunt
1023 2033 1128 2105 aequi·
1153 2029 1215 2104 Qui

161 2122 233 2177 dum
255 2131 337 2178 novo
362 2135 392 2179 et
416 2126 577 2182 immodico
603 2127 703 2182 studio
728 2136 912 2197 aucupantur
935 2125 1057 2194 gratiam
1081 2122 1215 2178 hostiurn

161 2211 332 2282 Evangelii,
356 2229 435 2286 quos
459 2217 611 2272 exsecrari
637 2226 759 2287 propter
781 2216 936 2288 parricidia
954 2204 1117 2279 debebant,
1143 2210 1214 2270 satis
1248 2228 1249 2235 ¹
1289 2286 1291 2290 ,

161 2302 342 2373 significant,
366 2320 398 2359 se
419 2320 475 2359 voa
501 2323 623 2378 quoque
647 2306 776 2361 libenter
799 2321 1003 2373 excussuros,
1029 2302 1054 2358 si
1079 2310 1215 2375 possent.
1277 2290 1280 2297 ’

161 2392 286 2466 Quanto
304 2405 367 2449 erat
382 2394 538 2450 honestius
560 2395 776 2466 συναγωνίζεσθαι
791 2395 829 2467 τῷ
844 2394 1003 2467 εὐαγγελίῳ,
1029 2409 1118 2465 qnam
1142 2408 1214 2446 00¹¹·

161 2482 281 2538 firmare
298 2483 326 2537 in
344 2484 519 2541 adversariis
534 2485 734 2540 odiumrerae
748 2485 918 2553 doctrinae,
936 2495 963 2539 et
976 2499 1062 2561 spem
1073 2481 1216 2537 deiectio.

161 2573 208 2629 nis
227 2573 361 2628 aliorum.
932 2571 934 2575 ’

229 2661 314 2718 Nihil
332 2663 418 2732 igitur
434 2665 469 2718 ad
487 2665 553 2720 illos
572 2666 770 2736 aligarchicos
786 2663 963 2732 scribimus,
981 2661 1139 2719 vobiscum
1152 2669 1216 2716 tan.
1290 2730 1293 2738 1

161 2759 225 2805 tum
254 2751 471 2824 deliberamus,
499 2764 532 2808 ut
559 2767 687 2808 vestram
714 2755 889 2811 sententiam
916 2752 1003 2808 nobis
1032 2750 1215 2820 significetis.
1279 2739 1281 2744 ’

161 2843 251 2898 Deus
269 2843 443 2912 gubernabit
461 2856 602 2911 eventus,
624 2862 681 2900 nec
699 2845 818 2898 deseret
835 2861 935 2898 veram
952 2841 1135 2900 Ecclesiam:
1161 2842 1215 2897 sed

161 2934 276 2987 etiarnsi
294 2934 447 2988 subeunda
464 2938 519 2988 erit
537 2934 696 2989 crudelitas
720 2933 958 2989 adversariorum
979 2942 1100 3004 propter
1116 2931 1215 2986 Eran-

160 3025 227 3093 gelii
246 3025 484 3090 consessionem,
502 3037 599 3077 tamen
618 3024 687 3078 illud
706 3027 871 3091 malumus,
889 3040 977 3096 quarn
990 3023 1121 3092 objicere
1136 3023 1214 3092 piam

161 3115 346 3179 doctrinam,
364 3126 393 3168 et
411 3114 590 3168 contumelia
608 3114 722 3169 afficere
736 3114 899 3169 Christum.
933 3115 994 3167 Cur
1005 3115 1214 3181 defugeremus

160 3202 236 3256 haec
254 3204 384 3272 gloriosa
403 3203 579 3269 certamina,
597 3219 665 3255 cnm
684 3203 852 3270 videamus,
871 3202 975 3258 Filium
987 3203 1047 3257 Dei
1059 3218 1113 3273 pro
1126 3200 1214 3256 nobis

159 3291 330 3347 miserabile
342 3294 518 3365 supplicium
533 3307 708 3363 perpessum
721 3296 808 3348 esse?
837 3294 864 3347 Si
878 3311 950 3347 vere
963 3293 1089 3347 colimus
1101 3291 1214 3358 Deum,

159 3383 388 3437 meminerimus
406 3385 563 3454 praecipue
582 3382 744 3452 postulari,
770 3396 801 3437 ut
818 3383 954 3438 victimae
972 3383 1095 3450 fiamus,
1113 3382 1216 3452 quales

159 3477 280 3527 luerunt
298 3472 413 3543 plurimi
432 3472 555 3540 Patres,
581 3471 751 3542 Prophetae
776 3486 805 3527 et
830 3472 984 3542 Apostoli,
1012 3484 1039 3526 et
1061 3473 1215 3543 Martyres

159 3563 296 3617 omnium
321 3576 507 3632 temporum,
537 3562 586 3633 qui
610 3565 776 3617 maluerunt
799 3564 943 3632 interfici,
971 3579 1061 3635 quam
1084 3563 1216 3632 abjicere

158 3669 250 3707 verae
269 3651 420 3706 doctrinae
437 3653 669 3707 confessionem.
704 3654 800 3707 Senex
812 3653 936 3721 Esaias,
955 3669 1023 3707 cum
1039 3669 1132 3708 annos
1150 3655 1215 3709 fers

159 3743 313 3810 octoginta
326 3743 456 3796 rexisset
472 3742 660 3808 Ecclesiam,
678 3757 707 3796 et
721 3743 841 3814 patriam
858 3743 1023 3812 ingentibus
1043 3743 1126 3797 bellis
1143 3742 1217 3798 libe.

158 3845 275 3899 nasset,
295 3832 411 3886 tandem
429 3849 510 3886 serra
527 3832 680 3886 scinditur.
712 3832 861 3887 deremias
879 3849 947 3886 curn
964 3818 1149 3904 quadraginta
1165 3849 1216 3887 an.

157 3924 206 3977 nis
225 3922 417 3991 gubernasset
435 3939 556 3991 regnum
574 3924 670 3988 Juda,
696 3934 726 3977 et
749 3923 885 3994 reliquias
903 3935 1071 3990 servasset,
1098 3923 1216 3977 tandem

158 4012 304 4084 lapidibus
321 4012 465 4068 obruitur.
500 4012 561 4068 lllis
583 4013 669 4068 tantis
691 4012 764 4067 viris
786 4013 831 4069 sic
855 4013 966 4074 meritis
992 4013 1046 4069 luit
1062 4011 1215 4069 subeunda
