2730 4724
609 332 701 408 isti.
1118 325 1182 397 6³6

149 484 185 553 's.
202 490 308 566 nlicp
859 492 918 553 Ns.
935 488 1148 550 MMcxcni.

516 653 563 722 tin
585 653 796 731 &poietin

175 817 281 867 nuncto
294 827 320 869 su
333 819 382 864 tnn
392 817 473 868 nnn
481 820 626 870 epolonus:
640 819 768 876 Magnifice
781 816 948 865 consolatoria
960 815 1073 874 exempla
1085 817 1111 862 et
1123 825 1181 862 son:

129 889 222 936 :entiae
236 902 266 937 ex
279 891 337 937 vitis
351 895 376 938 et
389 892 539 948 passionibus
552 896 689 939 snuctornns
703 896 728 940 et
741 891 844 939 allorum
853 903 998 937 summorum
1007 890 1116 936 virorum
1126 889 1180 935 inea

129 963 229 1012 tissime
242 962 367 1011 collectae.
392 965 472 1012 Viteb.
486 969 543 1016 lidi.
556 971 578 1015 s.
603 968 626 1016 i.
641 968 690 1014 itit
702 967 745 1013 toi
758 967 927 1018 ilnttrtttintttt
939 964 1024 1015 eslii
1042 964 1077 1010 lic
1089 963 1180 1017 {lietttt

129 1037 177 1084 unt
190 1037 270 1085 utens
282 1038 320 1084 tce
331 1036 440 1095 pritinos
453 1038 490 1085 ott
503 1039 625 1091 tientuictc
638 1039 770 1092 ntlntinct
781 1036 950 1093 minationis
961 1036 1116 1090 cutsutotn.

129 1296 183 1348 ben
196 1295 389 1343 seekendori
398 1296 424 1344 L.
435 1297 474 1344 ili.
488 1311 507 1344 s.
517 1301 551 1346 ω.
564 1300 582 1354 i.
594 1303 637 1348 tt&
650 1303 742 1359 pitin
755 1300 795 1351 its
808 1272 1180 1354 turones-nannerp.'³tt.;

300 1371 386 1423 scotto
400 1373 490 1424 ictus.
503 1373 578 1420 xxii.
594 1375 654 1426 tini·
666 1376 699 1425 6.
714 1376 758 1424 tos.
783 1371 877 1422 {suto
890 1373 954 1418 xlv.
967 1373 1014 1419 391.

130 1515 322 1573 Venerabili
337 1519 371 1573 in
387 1519 528 1577 Domino
535 1521 664 1592 fratri,
681 1521 736 1577 M.
750 1520 892 1596 Georqio
907 1518 1095 1593 Spoletina,
1111 1515 1182 1572 Pa,

195 1607 279 1663 stori
294 1609 562 1686 Altenburqcnsis
577 1610 741 1667 Ecclesiae
761 1619 790 1666 et
807 1608 1089 1683 Superattendenti
1105 1623 1183 1663 suae

197 1695 348 1752 dioecesis
363 1699 588 1756 Ecclesiarnm
611 1700 646 1756 in
663 1699 794 1755 Mt'snia
809 1698 1004 1768 fidelissimo
1028 1703 1058 1752 et
1075 1695 1184 1752 since·
1211 1711 1217 1718 ·

198 1803 339 1843 rcsscmo.

130 1920 188 2012 G·
207 1974 236 2021 et
253 1963 289 2022 P.
307 1967 337 2023 in
354 1967 474 2025 Christo
486 1969 556 2026 Deo
576 1981 605 2027 et
619 1969 767 2028 salvatore
785 1980 901 2028 nostro.
932 1969 1036 2027 Placet
1052 1967 1124 2023 mihi
1141 1967 1185 2021 in.

131 2055 269 2112 stitutum
286 2069 386 2127 tuum,
407 2060 448 2114 mi
467 2060 630 2133 spetialius,
655 2079 711 2118 nec
727 2061 850 2130 dubito,
875 2060 946 2132 quin
963 2060 1033 2114 Deo
1050 2057 1105 2128 ipsi
1123 2056 1186 2129 pla.

131 2147 420 2217 cenetensibus,
445 2151 495 2222 qui
514 2150 614 2206 Deum
632 2161 793 2223 quaerunt,
818 2167 879 2222 quo
900 2148 1043 2220 collegisti
1061 2148 1185 2202 Sancto.

131 2250 199 2289 rum
216 2233 275 2290 Del
291 2237 366 2292 dicta
390 2249 419 2293 et
442 2241 517 2294 iacta
540 2241 664 2311 potiora.
681 2242 707 2306 ¹)
740 2240 895 2297 Pertinent
920 2240 998 2295 enim
1021 2238 1097 2293 haec
1120 2235 1186 2309 ipsa

131 2342 194 2380 non
211 2325 307 2382 solum
325 2328 359 2382 ad
377 2328 591 2385 obstruendum
613 2349 648 2386 os
671 2331 859 2404 loquentium
883 2329 980 2402 iniqua
1002 2338 1104 2384 contra
1126 2341 1185 2383 nos

131 2425 162 2470 et
179 2414 407 2472 obtrectantium
424 2419 528 2488 nobis,
552 2421 634 2492 qussi
653 2437 744 2476 novas
763 2421 918 2492 opiniones
937 2431 966 2475 et
984 2420 1120 2489 dogmata
1137 2434 1186 2474 se.

131 2521 249 2574 ramus,
266 2524 371 2561 verum
389 2512 473 2563 etiam
491 2509 525 2563 ad
544 2510 759 2566 confirmandas
775 2520 893 2564 nostrus
906 2509 1102 2565 conscientias
1112 2546 1122 2577 ‚
1140 2517 1185 2564 tot

131 2595 368 2652 testimoniorum
386 2609 415 2653 et
432 2600 638 2672 exemplorum
656 2613 792 2654 veterum
808 2599 887 2654 nube
905 2599 1050 2667 eruditas,
1068 2599 1119 2671 qni
1137 2614 1186 2652 ea.

131 2685 199 2740 dem
212 2684 368 2741 nobiscum
382 2699 540 2743 senserunt
548 2728 558 2756 ,
577 2689 733 2755 dixerunt,
748 2689 882 2742 iecerunt
894 2698 923 2742 et
935 2688 1077 2744 tulerunt.
1104 2686 1185 2742 Num

131 2775 187 2830 etsi
212 2776 372 2848 unicuique
395 2778 528 2833 sufficere
551 2778 639 2833 debet
663 2795 716 2834 sua
742 2778 813 2832 iides
840 2776 869 2831 in
896 2777 1022 2831 verbum
1046 2775 1125 2844 Dei,
1152 2785 1185 2830 nt

132 2877 352 2936 concrepemus
371 2866 536 2922 inferorum
556 2867 643 2922 etiam
668 2867 724 2922 sibi
748 2868 804 2922 soii
828 2867 857 2920 in
882 2869 943 2921 scie
969 2867 1105 2922 standum
1130 2868 1184 2921 sit:

132 2966 246 3023 tumen,
271 2965 305 3011 ut
322 2966 366 3010 cst
377 2956 464 3026 juxte
480 2957 615 3029 spiritum
631 2967 784 3029 promtum
802 2972 872 3011 caro
890 2955 1021 3023 infirnus,
1048 2973 1108 3010 non
1125 2955 1184 3010 levi

132 3054 181 3101 eut
198 3063 289 3117 parvo
307 3057 458 3103 momento
475 3058 615 3102 mouetur
630 3047 696 3117 pius
713 3046 827 3101 enimus
836 3087 846 3114 ,
871 3046 895 3100 si
922 3046 1027 3100 viderit
1050 3056 1095 3101 tot
1120 3062 1185 3102 sse.

132 3135 215 3200 cula,
240 3143 286 3190 tot
308 3137 463 3208 exempla,
489 3146 534 3191 tot
557 3136 739 3191 excellentes
763 3134 901 3190 homines
923 3147 990 3190 ante
1008 3147 1037 3190 et
1054 3135 1134 3189 circs
1151 3150 1185 3190 se

132 3225 244 3281 similes
261 3225 316 3280 subi
332 3226 359 3284 ἲ)
380 3225 489 3293 iuuisse,
514 3235 544 3280 et
565 3225 670 3280 similia
694 3229 812 3296 sem'per
835 3225 909 3279 iacta
933 3239 999 3279 esse
1023 3241 1076 3296 per
1100 3224 1185 3294 illos,

132 3315 228 3386 qisulis
246 3331 301 3369 nos
319 3329 358 3369 cx
381 3314 538 3387 Scripturis
562 3315 735 3383 didicimus,
759 3323 789 3368 et
812 3311 992 3394 experientia
1017 3314 1187 3385 quotidiana

132 3405 345 3473 cognoscimus
362 3404 391 3459 in
408 3404 504 3460 nobis.
538 3403 636 3459 Multa
662 3413 733 3458 sunt
750 3403 867 3474 quidem
886 3402 915 3457 in
933 3403 1040 3457 sanctis
1058 3401 1187 3458 homini.

133 3494 207 3561 bns,
233 3494 308 3548 eicnt
330 3504 360 3547 et
384 3494 412 3547 in
438 3493 541 3560 nobis,
568 3509 644 3565 quse
661 3492 800 3550 dixerunt
821 3504 850 3547 et
868 3493 1002 3546 iecerunt
1020 3491 1188 3548 secundum

133 3583 316 3652 tyrannidem
334 3593 363 3636 et
380 3582 477 3650 legem
495 3584 607 3654 peccati
624 3582 715 3637 Rom.
733 3580 820 3639 vii:
850 3580 944 3656 Quod
965 3579 1034 3635 uolo
1055 3577 1187 3650 donum,

134 3690 200 3725 non
215 3672 325 3741 facio,
350 3672 437 3746 quod
457 3672 531 3727 nolo
550 3671 689 3740 malum,
713 3671 772 3726 hoc
786 3669 898 3740 secio,
924 3669 1031 3746 itaque
1046 3687 1111 3726 non
1128 3688 1187 3746 eqo

135 3762 172 3816 id
177 3760 288 3831 facio,
304 3761 362 3816 sed
371 3761 458 3835 quod
471 3760 506 3815 in
523 3778 571 3815 mc
587 3757 713 3817 habitat
725 3766 907 3833 peccatum.-
926 3770 1011 3818 tocco
1023 3761 1186 3834 mendesio,

185 4013 206 4062 1)
218 4008 297 4058 ieci.
310 4008 418 4070 puriore
467 4011 491 4065 2)
504 4010 560 4060 Str.
571 4033 596 4048 -
609 4006 663 4057 sili.
