2730 4724
140 335 203 405 346
624 338 717 411 ldll.

142 494 240 553 Caroli
256 496 420 551 voluntate.
452 494 541 553 Deus
555 496 706 569 perficiat,
722 496 805 571 qnod
822 497 960 573 incepit,
977 505 1010 555 et
1022 496 1190 555 nonduin:

137 588 282 657 persequi
299 586 445 657 lucifugas
460 588 532 643 istas
544 576 793 661 vespertiliones,
809 588 914 645 donec
932 590 1052 645 oriatur
1066 589 1192 660 sollusti-

141 674 200 729 tiae
218 674 313 747 pelam
329 691 383 731 eos
400 676 609 756 damnaturus,
637 680 743 731 Amen.

206 770 316 828 Toties
334 771 446 829 ohlims
462 788 530 845 sum
546 775 574 840 ¹)
598 775 775 843 admonere,
798 784 833 829 ut
850 774 906 855 tityi
924 792 1057 833 caveres
1074 792 1091 830 a
1107 768 1193 832 convi-

81 902 87 915 .
139 857 208 914 viis.
237 858 377 929 Monstra
389 863 441 919 hic
453 863 571 918 interim
584 863 778 937 crebrescunt
789 864 1019 921 veneficorum.
1051 864 1194 923 Eriordina

141 961 270 1004 aromata
294 961 325 1006 et
350 952 508 1024 pharmaca
531 956 691 1010 aromatica
708 964 914 1027 mercatorum
929 956 1121 1028 deprehensa
1136 966 1194 1011 sunt

142 1037 253 1093 inlecta
270 1042 404 1097 venenis.
437 1042 616 1112 Altenburgi
632 1058 690 1097 una
707 1044 736 1097 in
751 1028 910 1098 meoas'll
924 1059 1080 1099 venenum
1094 1058 1194 1099 sumes·

140 1137 212 1182 runt
237 1128 267 1184 in
292 1129 490 1187 condimentis
516 1141 545 1186 et
570 1130 710 1187 exstincti
732 1141 817 1187 sunt:
842 1131 949 1209 sicet
964 1134 1066 1189 Jenae
1088 1144 1117 1188 et
1135 1132 1194 1186 alias

140 1202 291 1290 Diabolus
315 1219 405 1275 mittit
427 1234 501 1275 suos
518 1219 682 1277 veneticos.
714 1218 833 1286 Miror,
856 1220 933 1292 qnid
957 1223 1001 1278 sit
1020 1225 1051 1279 in
1065 1220 1195 1293 Magneti.

141 1305 217 1375 bus,
233 1307 260 1372 2)
285 1320 395 1371 utnon
413 1310 533 1379 vigilent
550 1309 580 1365 in
596 1320 675 1365 tanta
691 1309 766 1365 iuria
782 1310 919 1366 Satanae.
954 1312 1046 1367 Nihil
1068 1312 1191 1383 deinceps

138 1408 235 1452 tutum
253 1399 309 1453 erit
326 1414 425 1454 emere
443 1410 492 1454 aut
508 1400 562 1456 uti.
575 1396 606 1466 ³)
638 1400 781 1472 Denique
798 1400 931 1456 oarnbo
947 1402 1104 1470 fabulam,
1116 1418 1192 1475 qnan

137 1487 275 1543 narrabat
291 1482 321 1555 ⁴)
337 1488 403 1544 heri
418 1487 554 1544 «lacobus
570 1488 702 1559 Walch,
714 1482 744 1559 ⁵)
761 1490 859 1545 scriba
874 1500 1004 1547 nostrae
1021 1494 1114 1548 aulae.
1145 1490 1191 1547 te.

139 1577 221 1632 nisse
239 1579 267 1631 in
283 1579 451 1649 quoddam,
474 1580 695 1651 nescioquod,
721 1579 863 1652 oppidum
877 1580 959 1637 duos
977 1583 1084 1652 viros,
1105 1582 1190 1655 specie

139 1666 315 1736 religiosos,
339 1670 424 1739 quasi
449 1670 614 1724 ambientes
636 1668 831 1724 ministerium
852 1670 939 1725 verbi
963 1672 997 1725 in
1014 1674 1126 1729 nostris
1142 1670 1190 1727 Eo-

136 1755 248 1817 clesiis.
284 1755 392 1811 Habuit
409 1757 533 1828 quilibet
548 1773 633 1812 eoam
646 1758 739 1813 sicam
750 1759 812 1825 (2),
828 1772 920 1828 quam
934 1758 1070 1832 hospiti,
1085 1762 1189 1833 quoties

135 1845 361 1915 egrederentur,
375 1835 598 1925 diligentissime
609 1847 851 1901 commendarant
858 1836 1102 1905 custodiendam.
1121 1850 1189 1905 Tan.

136 1934 208 1988 dem
233 1934 348 2005 hospes
374 1938 463 1992 nimia
485 1935 532 1990 illa
556 1935 701 2005 diligentia
725 1948 826 1990 motus
851 1934 967 2008 incepit
985 1930 1016 2004 6)
1046 1938 1186 2015 sciturire,

138 2024 278 2096 quidnam
296 2026 326 2079 in
344 2026 407 2080 istis
423 2026 494 2080 sicis
512 2025 566 2091 sit,
583 2036 630 2091 et,
648 2036 747 2096 aperta
764 2042 822 2080 una
837 2036 908 2097 post
927 2027 1074 2096 alteram,
1090 2027 1187 2084 inveu't

137 2127 190 2166 eas
208 2114 331 2169 refertas
348 2113 455 2170 hostiis
471 2112 613 2180 minutia,
639 2113 747 2186 quibus
764 2112 828 2168 laici
845 2116 1093 2187 communicant,
1110 2128 1139 2173 et
1152 2116 1184 2173 nil

136 2202 217 2265 torte
235 2202 393 2273 suspicans
409 2203 497 2272 mali,
513 2202 599 2275 quasi
615 2202 733 2258 lusurus
751 2219 856 2259 eorum
873 2204 1041 2277 viaticum,
1058 2200 1089 2276 7)
1109 2220 1185 2263 unm

137 2290 262 2361 accipit,
274 2285 304 2358 8)
322 2305 352 2348 et
367 2293 520 2363 pulmento
536 2294 659 2359 miscet,
676 2293 733 2348 illis
750 2296 948 2365 proponendo
963 2287 991 2361 ⁹)
1010 2297 1043 2353 in
1059 2298 1183 2370 prandio,

134 2380 217 2461 forte
233 2381 329 2448 risum
345 2391 491 2438 moturus.
524 2382 568 2437 Illi
584 2392 699 2447 autern,
716 2393 815 2438 sumto
830 2384 1002 2455 pulmento,
1022 2386 1106 2443 illico
1116 2403 1184 2441 ntor.

138 2482 200 2524 tem
217 2470 354 2527 obierunt
372 2473 401 2526 in
418 2488 529 2526 menen.
563 2472 606 2526 Sit
622 2471 732 2527 sabula:
752 2482 850 2527 tamen
867 2486 987 2529 certum
1003 2488 1072 2546 est,
1089 2474 1184 2533 venefi-

139 2577 195 2614 cos
214 2561 318 2629 vagari.
353 2562 423 2617 Ideo
447 2578 502 2634 pro
528 2560 612 2615 vobis
634 2561 720 2614 valde
745 2561 852 2615 soliciti
877 2578 1001 2633 sumus,
1028 2576 1126 2622 tamen
1142 2567 1181 2621 illo

139 2667 196 2706 nos
208 2650 352 2706 solemur:
369 2649 506 2724 Anqelis
522 2650 590 2704 suis
602 2648 768 2703 nrauducit
784 2648 822 2703 de
838 2664 868 2704 te
883 2656 940 2706 etc.
958 2663 989 2707 et
1004 2654 1073 2726 ipse
1091 2657 1180 2721 saciet,

140 2747 176 2797 ut
192 2738 276 2795 ηἰΙιίΙ
291 2739 334 2794 sit
350 2747 513 2810 opertum,
529 2738 616 2814 quod
630 2754 695 2793 non
712 2739 877 2808 reveletur,
894 2741 973 2795 sicut
989 2743 1065 2800 lecit
1081 2746 1111 2800 in
1124 2745 1180 2802 Mo.

140 2832 255 2899 centio,
272 2832 308 2895 ¹⁰)
329 2829 386 2885 filio
403 2829 535 2885 Diaboli.

206 2928 314 2985 Omnia
331 2927 380 2981 llic
404 2928 484 2982 salva
506 2937 593 2995 sunt,
619 2926 680 2981 Dei
696 2927 797 2996 gratia.
830 2927 874 2982 D.
889 2924 987 2985 Jonas
1002 2928 1097 2987 Halae
1113 2945 1179 3006 pret.

140 3020 218 3086 dicat
235 3021 297 3074 istis
315 3018 423 3074 sanctis
437 3022 471 3081 ¹¹)
489 3018 568 3072 feriis
581 3017 751 3085 Paschatis‚
764 3017 794 3083 ⁹)
810 3017 952 3073 fremente
970 3036 1056 3089 arce,
1074 3024 1126 3078 sed
1138 3038 1180 3075 vo·

139 3113 218 3167 lente
235 3110 347 3183 populo
364 3106 401 3173 ¹²)
419 3118 449 3163 et
465 3107 582 3162 Senatu.
616 3105 683 3176 Ego
708 3108 804 3162 adhuc
827 3107 883 3162 sub
907 3108 1000 3164 Mose
1024 3112 1179 3168 immundus

139 3203 223 3258 fluxu
235 3200 312 3255 auris
324 3199 431 3267 sedeo,
449 3198 605 3269 aliquando
618 3198 724 3265 vitam,
743 3198 896 3269 aliqnando
909 3210 1039 3255 mortem
1052 3204 1180 3274 cogitans.

140 3292 204 3347 Fiat
215 3291 351 3350 voluntas
363 3288 504 3355 Domini,
521 3290 629 3342 Amen.
664 3286 735 3341 Vale
747 3288 776 3341 in
790 3288 921 3343 Domino
939 3289 968 3341 in
986 3286 1180 3348 aeternum.¹³)

140 3386 184 3437 ω.
202 3381 302 3453 April,
325 3376 480 3434 MDth.
912 3443 918 3454 ,

828 3441 978 3497 manans
996 3444 1159 3503 Lutherus.

192 3622 363 3674 lieo-fle.
400 3621 422 3672 2)
438 3616 805 3673 c.u.turit.nagtstntttne.
847 3620 1059 3668 litt-autum
1099 3622 1185 3677 med.

142 3695 256 3740 narrabit.
302 3697 325 3742 5)
339 3698 367 3739 Α.
381 3692 446 3739 th.
491 3693 512 3742 6)
526 3692 585 3736 cdl.
600 3690 691 3747 incipit.
737 3692 947 3742 neumatum.
990 3698 1012 3745 tl)
1027 3696 1088 3742 QG.
1103 3696 1185 3754 arripit

86 3786 89 3797 ·
138 3771 164 3816 ⁹>
185 3769 202 3811 t)
220 3768 248 3811 ti.
267 3765 423 3822 imponendo.
472 3766 506 3814 1⁰)
525 3761 742 3815 c.ti.†nalurali.
792 3763 990 3815 triuntlttuc
1015 3770 1185 3817 A.—sanctis.

141 3844 174 3891 ld)
189 3840 249 3889 etit.
263 3837 381 3895 Principe.
407 3839 434 3884 Α.
448 3835 528 3893 plebe.
577 3838 613 3889 til
626 3834 686 3888 50³·
699 3835 797 3882 -Vale
810 3839 857 3882 etn

190 4010 213 4060 ‘l
231 4008 265 4059 Gr
278 4004 379 4060 stellata
392 4005 413 4052 t.
428 4004 460 4056 ts.
474 4004 552 4057 lttrtt.
