2730 4724
632 400 725 472 tsss.
1150 405 1212 470 tos

150 566 210 626 pax
225 560 275 612 est
289 552 368 611 inter
383 553 540 613 &mrem
562 563 592 612 et
607 555 747 628 Gallum,
770 548 802 616 e't
816 548 922 617 Veneti
932 547 1009 617 'son
1032 559 1062 616 in
1078 560 1212 631 angustia

143 655 275 717 proptor
289 644 443 714 Turcam,
464 646 515 718 qai
532 646 662 704 classem
678 664 783 709 eorum
800 649 929 705 occlusit
952 659 980 703 et
996 649 1125 706 otiosam
1142 664 1212 706 esse

150 735 238 804 cogit.
272 734 341 791 Nisi
359 736 470 792 Caesar
492 745 524 792 et
538 735 696 808 Principes
713 737 811 795 Italiae
834 754 922 812 opem
940 738 1081 807 tulerint,
1104 754 1217 796 rursus·

150 835 300 893 cogentur
325 825 431 880 foedus
457 841 528 880 cum
555 824 660 881 Turca
686 824 769 882 inire.
791 827 889 885 *nens
916 826 1004 883 nobis
1034 827 1162 883 remittat
1178 830 1210 896 ¹)

148 925 276 985 peccata
295 925 415 984 nostra,
439 925 470 970 et
485 915 661 971 misereatur
678 916 788 986 nostri,
812 916 998 990 adducetque
1023 917 1105 973 iilum
1130 917 1209 976 diem

149 1003 359 1071 redemtionis,
377 1007 491 1060 Amem‘
518 1002 589 1059 Vale
606 1004 636 1060 io
647 1002 771 1062 Christo
788 1015 819 1062 et
835 1021 887 1060 ora
903 1022 960 1078 pro
971 1005 1209 1065 manuninum.

151 1093 247 1150 sunta
263 1091 313 1150 Μ.
327 1093 464 1152 Petrum.
479 1094 511 1161 2)
543 1093 613 1151 Fer.
628 1089 655 1150 d.
673 1105 743 1168 post
759 1094 866 1166 Oculi,
882 1088 1130 1154 Mnxxxvtss.

180 1426 208 1483 Ι.
224 1420 339 1492 {trit
939 1426 998 1486 N0.
1014 1425 1173 1485 MDCCC.

486 1573 698 1658 sanutus
718 1575 866 1663 nouat.

490 1731 640 1788 saductus
651 1741 698 1786 tan
711 1735 869 1792 mittentem.

203 1969 257 2019 ω
270 1969 450 2025 actitarent
462 1968 623 2028 amimam
634 1972 782 2031 &minut
795 1971 869 2024 m.
881 1971 924 2026 itt
939 1967 1152 2031 ediscatis.

152 2104 207 2198 G·
225 2160 258 2208 et
273 2151 312 2210 P·
330 2152 360 2209 in
377 2151 511 2210 Christo.
543 2153 626 2211 Nolo
643 2164 744 2210 tecum
761 2162 890 2223 cenare,
906 2151 947 2210 mi
959 2151 1059 2221 Jona,
1075 2147 1209 2208 sennan.

149 2238 197 2296 dis
219 2240 316 2297 literis
339 2259 401 2297 non
424 2242 488 2299 sine
506 2259 614 2310 causa,
637 2244 869 2318 primumquod
893 2244 980 2313 longe
1003 2257 1060 2298 nos
1084 2254 1209 2314 superas

149 2327 271 2398 ingenio
282 2337 313 2385 et
324 2331 471 2400 facundia,
482 2331 684 2388 haereditariis
697 2333 813 2389 scilicet
821 2332 922 2388 donis:
939 2331 1045 2387 deinde
1055 2329 1211 2385 fecundior

151 2420 203 2474 tibi
222 2431 269 2476 est
284 2423 405 2477 materia
423 2421 591 2491 scribendi,
615 2423 667 2495 qui
691 2423 768 2477 inter
784 2433 882 2478 tantos
898 2423 1007 2477 heroas
1029 2434 1059 2477 et
1075 2437 1124 2477 res
1140 2435 1210 2474 ver.

149 2512 225 2567 saris
233 2551 244 2579 ,
263 2521 296 2565 ut
308 2510 379 2565 mihi
390 2511 479 2567 libert
490 2513 637 2582 cogitare,
653 2512 855 2584 Trojanorum
873 2522 903 2567 et
915 2511 1103 2569 Graecorum
1121 2524 1210 2564 exeas

151 2601 244 2656 citum
270 2601 388 2669 frigidas
415 2601 508 2656 inisse
532 2603 633 2658 turbas
659 2612 723 2657 ante
749 2603 894 2674 Trojam,
917 2603 941 2658 si
958 2601 1081 2658 Homeri
1106 2600 1209 2673 poesis

153 2707 212 2744 non
230 2689 363 2746 inflasset
379 2700 409 2745 et
426 2691 609 2747 accendisset
634 2692 777 2749 immensa
794 2692 928 2748 facundia
945 2708 994 2747 res
1015 2701 1075 2748 tant
1092 2700 1210 2745 tenues.

151 2780 275 2836 Interim
291 2795 349 2836 nos
365 2780 417 2835 hic
426 2777 457 2847 ³)
474 2780 627 2836 Christum
645 2782 822 2837 confitemur
837 2782 866 2836 in
885 2781 1001 2836 silentio
1019 2791 1049 2836 et
1066 2796 1119 2852 spo
1129 2818 1139 2847 ,
1155 2779 1209 2833 sed

145 2882 241 2942 ‘parva
266 2868 423 2940 aliqnando
439 2867 623 2933 fortitudine:
647 2870 819 2936 obruimur,
844 2869 1016 2942 praesertim
1036 2868 1120 2938 Mag.
1137 2867 1210 2923 Phi.

151 2959 249 3032 lippus
268 2970 298 3015 et
316 2976 392 3028 ego,
418 2960 515 3014 causis
537 2970 567 3015 et
584 2961 707 3030 negotiis
726 2962 810 3026 (dum
827 2975 883 3015 vos
902 2958 1028 3023 abestis)
1054 2975 1148 3030 usque
1174 2958 1209 3014 ad

153 3050 298 3118 taedium,
326 3065 394 3103 cum
420 3066 475 3119 ego
499 3059 531 3104 ut
547 3065 641 3106 senex
666 3062 696 3105 et
713 3050 854 3106 emeritus
872 3051 971 3105 malim
992 3049 1040 3105 his
1059 3048 1162 3103 diebus
1179 3049 1210 3104 in

150 3137 250 3196 hortis
261 3139 414 3212 voluptate
428 3140 510 3196 senili
522 3141 577 3195 frui
590 3141 755 3211 spectandis
768 3139 951 3195 mirabilibus
965 3141 1023 3195 Dei
1039 3139 1068 3197 in
1080 3138 1209 3196 foetibus

152 3230 312 3300 orborum,
329 3230 456 3297 dorum,
472 3229 651 3298 herbarum,
669 3232 765 3285 avium
779 3242 836 3286 etc.
846 3242 882 3285 rt·
891 3230 966 3285 haec
974 3230 1128 3302 voluptas,
1150 3229 1209 3283 imo

151 3333 181 3375 et
203 3321 299 3376 otium
317 3320 478 3375 deberetur
498 3320 587 3386 mihi,
612 3320 668 3374 nisi
695 3320 823 3392 peccatis
848 3320 1011 3392 praeteritis
1031 3319 1210 3376 meruissem

151 3411 200 3466 his
219 3410 329 3483 privari
348 3427 402 3483 per
419 3411 534 3479 negotia
550 3410 677 3464 molesta
695 3422 724 3464 et
741 3411 856 3482 saepius
874 3411 992 3466 inutilia.
1027 3410 1146 3465 Caetera
1157 3409 1210 3466 hic

149 3499 199 3556 Μ.
214 3498 377 3556 «Iohannes
385 3540 395 3569 ,
422 3500 517 3568 Saxo,
542 3515 625 3552 meus
643 3500 786 3567 conviva,
811 3498 956 3567 natabit,
981 3498 1007 3556 si
1024 3499 1094 3571 quaid
1110 3501 1209 3556 minus

150 3591 279 3662 scripsi,
296 3600 345 3644 aut
362 3599 394 3644 tu
411 3590 478 3661 plns
496 3590 575 3644 scire
592 3588 686 3656 velis,
705 3590 728 3643 si
746 3600 844 3643 tamen
861 3603 925 3658 est,
944 3590 1024 3661 quod
1042 3590 1109 3663 plus
1129 3591 1209 3647 scira

150 3681 260 3753 possit.
292 3679 416 3736 Domus
441 3689 489 3734 tua
512 3679 591 3731 salva
615 3689 670 3733 est.
703 3677 751 3733 M.
768 3677 896 3751 Philippi
921 3679 978 3734 iilia
1000 3679 1103 3749 Hauut
1125 3680 1209 3737 adest

151 3786 223 3824 cum
241 3771 345 3824 marito
364 3777 394 3822 ct
412 3767 495 3840 prole
513 3782 553 3821 ex
570 3764 688 3834 saliuis,
711 3766 839 3838 proiecti
857 3766 939 3836 huo,
958 3769 1038 3839 quod
1055 3767 1207 3826 hominem

150 3858 236 3914 valde
254 3859 367 3913 solatur
374 3897 384 3926 ,
402 3868 435 3912 ut
447 3855 497 3912 hic
514 3864 701 3935 sacramento
712 3856 834 3910 fruatur.
869 3854 957 3932 Spem
970 3858 1097 3934 concepi
1104 3897 1115 3927 ,
1131 3857 1209 3914 hanc

196 4078 218 4128 ί)
231 4074 293 4128 00·
305 4074 416 4124 mlius
427 4073 506 4123 nobis.
556 4077 579 4124 2)
593 4073 655 4126 ὅώ.
667 4076 696 4122 Α.
710 4074 808 4128 sittim
820 4073 900 4123 Peter.
948 4075 1045 4129 stetin
1059 4078 1075 4129 τ
1088 4087 1146 4122 nou.
