<?xml version="1.0" encoding="UTF-8"?>
<!DOCTYPE html PUBLIC "-//W3C//DTD XHTML 1.0 Transitional//EN"
    "http://www.w3.org/TR/xhtml1/DTD/xhtml1-transitional.dtd">
<html xmlns="http://www.w3.org/1999/xhtml" xml:lang="en" lang="en">
 <head>
  <title>
</title>
<meta http-equiv="Content-Type" content="text/html;charset=utf-8" />
  <meta name='ocr-system' content='tesseract 3.04.00' />
  <meta name='ocr-capabilities' content='ocr_page ocr_carea ocr_par ocr_line ocrx_word'/>
</head>
<body>
  <div class='ocr_page' id='page_1' title='image "./briefesendschre05luthgoog/briefesendschre05luthgoog_0172.png"; bbox 0 0 2730 4724; ppageno 0'>
   <div class='ocr_carea' id='block_1_1' title="bbox 147 313 728 388">
    <p class='ocr_par' dir='ltr' id='par_1_1' title="bbox 147 313 728 388">
     <span class='ocr_line' id='line_1_1' title="bbox 147 313 728 388; baseline 0.01 -9"><span class='ocrx_word' id='word_1_1' title='bbox 147 313 209 380; x_wconf 78' lang='lat'>160</span> <span class='ocrx_word' id='word_1_2' title='bbox 627 320 728 388; x_wconf 64' lang='grc'><strong>1539.</strong></span> 
     </span>
    </p>
   </div>
   <div class='ocr_carea' id='block_1_2' title="bbox 140 473 1200 1622">
    <p class='ocr_par' dir='ltr' id='par_1_2' title="bbox 140 473 1200 1622">
     <span class='ocr_line' id='line_1_2' title="bbox 145 473 1195 549; baseline 0.006 -22"><span class='ocrx_word' id='word_1_3' title='bbox 145 473 299 528; x_wconf 85' lang='lat' dir='ltr'>delinitum</span> <span class='ocrx_word' id='word_1_4' title='bbox 324 474 379 541; x_wconf 88' lang='lat' dir='ltr'>sit,</span> <span class='ocrx_word' id='word_1_5' title='bbox 404 474 530 529; x_wconf 78' lang='lat' dir='ltr'>vellete</span> <span class='ocrx_word' id='word_1_6' title='bbox 555 491 590 530; x_wconf 84' lang='lat' dir='ltr'>rc</span> <span class='ocrx_word' id='word_1_7' title='bbox 609 475 679 545; x_wconf 88' lang='lat' dir='ltr'>jure</span> <span class='ocrx_word' id='word_1_8' title='bbox 696 492 787 549; x_wconf 86' lang='lat' dir='ltr'>posse</span> <span class='ocrx_word' id='word_1_9' title='bbox 804 475 945 533; x_wconf 86' lang='lat' dir='ltr'>resistere</span> <span class='ocrx_word' id='word_1_10' title='bbox 965 490 1004 532; x_wconf 77' lang='lat' dir='ltr'>ao</span> <span class='ocrx_word' id='word_1_11' title='bbox 1019 475 1195 544; x_wconf 70' lang='lat' dir='ltr'>defendere,</span> 
     </span>
     <span class='ocr_line' id='line_1_3' title="bbox 144 563 1199 641; baseline 0.004 -23"><span class='ocrx_word' id='word_1_12' title='bbox 144 575 176 618; x_wconf 91' lang='lat' dir='ltr'>et</span> <span class='ocrx_word' id='word_1_13' title='bbox 192 564 227 617; x_wconf 86' lang='lat' dir='ltr'>ad</span> <span class='ocrx_word' id='word_1_14' title='bbox 244 579 344 617; x_wconf 88' lang='lat' dir='ltr'>meum</span> <span class='ocrx_word' id='word_1_15' title='bbox 362 563 460 617; x_wconf 90' lang='lat' dir='ltr'>denuo</span> <span class='ocrx_word' id='word_1_16' title='bbox 477 564 575 618; x_wconf 81' lang='lat' dir='ltr'>dicere</span> <span class='ocrx_word' id='word_1_17' title='bbox 586 565 658 619; x_wconf 88' lang='lat' dir='ltr'>nihil</span> <span class='ocrx_word' id='word_1_18' title='bbox 671 577 821 637; x_wconf 85' lang='lat' dir='ltr'>sequetur.</span> <span class='ocrx_word' id='word_1_19' title='bbox 839 569 869 632; x_wconf 86' lang='lat'>¹)</span> <span class='ocrx_word' id='word_1_20' title='bbox 902 565 986 641; x_wconf 76' lang='lat' dir='ltr'>Quid</span> <span class='ocrx_word' id='word_1_21' title='bbox 1003 583 1078 639; x_wconf 80' lang='lat' dir='ltr'>ergo</span> <span class='ocrx_word' id='word_1_22' title='bbox 1092 569 1199 628; x_wconf 73' lang='lat' dir='ltr'>{ruam</span> 
     </span>
     <span class='ocr_line' id='line_1_4' title="bbox 144 652 1199 727; baseline 0.005 -21"><span class='ocrx_word' id='word_1_23' title='bbox 144 667 194 706; x_wconf 88' lang='lat' dir='ltr'>me</span> <span class='ocrx_word' id='word_1_24' title='bbox 211 663 241 707; x_wconf 91' lang='lat' dir='ltr'>et</span> <span class='ocrx_word' id='word_1_25' title='bbox 258 664 287 706; x_wconf 86' lang='lat' dir='ltr'>te</span> <span class='ocrx_word' id='word_1_26' title='bbox 304 653 440 721; x_wconf 76' lang='lat' dir='ltr'>fatigem?</span> <span class='ocrx_word' id='word_1_27' title='bbox 474 652 539 722; x_wconf 82' lang='lat' dir='ltr'>Ego</span> <span class='ocrx_word' id='word_1_28' title='bbox 558 670 629 708; x_wconf 83' lang='lat' dir='ltr'>sune</span> <span class='ocrx_word' id='word_1_29' title='bbox 646 672 700 726; x_wconf 89' lang='lat' dir='ltr'>pro</span> <span class='ocrx_word' id='word_1_30' title='bbox 714 672 777 709; x_wconf 86' lang='lat' dir='ltr'>mea</span> <span class='ocrx_word' id='word_1_31' title='bbox 795 672 921 726; x_wconf 84' lang='lat' dir='ltr'>persona</span> <span class='ocrx_word' id='word_1_32' title='bbox 939 671 1032 727; x_wconf 88' lang='lat' dir='ltr'>spero</span> <span class='ocrx_word' id='word_1_33' title='bbox 1048 655 1199 723; x_wconf 64' lang='lat' dir='ltr'>cherum</span> 
     </span>
     <span class='ocr_line' id='line_1_5' title="bbox 144 743 1198 817; baseline 0.004 -21"><span class='ocrx_word' id='word_1_34' title='bbox 144 755 332 809; x_wconf 83' lang='lat' dir='ltr'>curaturum,</span> <span class='ocrx_word' id='word_1_35' title='bbox 349 759 386 796; x_wconf 89' lang='lat' dir='ltr'>ne</span> <span class='ocrx_word' id='word_1_36' title='bbox 404 743 440 796; x_wconf 91' lang='lat' dir='ltr'>sit</span> <span class='ocrx_word' id='word_1_37' title='bbox 457 759 534 817; x_wconf 86' lang='lat' dir='ltr'>opus</span> <span class='ocrx_word' id='word_1_38' title='bbox 552 743 609 798; x_wconf 91' lang='lat' dir='ltr'>isto</span> <span class='ocrx_word' id='word_1_39' title='bbox 621 746 763 811; x_wconf 85' lang='lat' dir='ltr'>coiisilio,</span> <span class='ocrx_word' id='word_1_40' title='bbox 780 761 837 800; x_wconf 86' lang='lat' dir='ltr'>nec</span> <span class='ocrx_word' id='word_1_41' title='bbox 855 745 1022 817; x_wconf 79' lang='lat' dir='ltr'>permittet,</span> <span class='ocrx_word' id='word_1_42' title='bbox 1040 747 1198 802; x_wconf 77' lang='lat' dir='ltr'>Caesarem</span> 
     </span>
     <span class='ocr_line' id='line_1_6' title="bbox 144 831 1198 903; baseline 0.003 -17"><span class='ocrx_word' id='word_1_43' title='bbox 144 839 204 886; x_wconf 84' lang='lat' dir='ltr'>lam</span> <span class='ocrx_word' id='word_1_44' title='bbox 229 831 372 885; x_wconf 79' lang='lat' dir='ltr'>lanosum</span> <span class='ocrx_word' id='word_1_45' title='bbox 395 831 506 885; x_wconf 88' lang='lat' dir='ltr'>bellum</span> <span class='ocrx_word' id='word_1_46' title='bbox 525 849 662 888; x_wconf 83' lang='lat' dir='ltr'>movere:</span> <span class='ocrx_word' id='word_1_47' title='bbox 688 834 744 888; x_wconf 82' lang='lat' dir='ltr'>hac</span> <span class='ocrx_word' id='word_1_48' title='bbox 762 834 943 903; x_wconf 79' lang='lat' dir='ltr'>cogitatione</span> <span class='ocrx_word' id='word_1_49' title='bbox 959 832 1008 889; x_wconf 77' lang='lat' dir='ltr'>nte</span> <span class='ocrx_word' id='word_1_50' title='bbox 1030 837 1131 892; x_wconf 86' lang='lat' dir='ltr'>solor:</span> <span class='ocrx_word' id='word_1_51' title='bbox 1155 835 1198 891; x_wconf 84' lang='lat' dir='ltr'>sic</span> 
     </span>
     <span class='ocr_line' id='line_1_7' title="bbox 144 921 1198 995; baseline 0.005 -19"><span class='ocrx_word' id='word_1_52' title='bbox 144 922 224 976; x_wconf 86' lang='lat' dir='ltr'>enim</span> <span class='ocrx_word' id='word_1_53' title='bbox 240 921 387 978; x_wconf 85' lang='lat' dir='ltr'>hactenus</span> <span class='ocrx_word' id='word_1_54' title='bbox 406 923 469 994; x_wconf 86' lang='lat' dir='ltr'>ipse</span> <span class='ocrx_word' id='word_1_55' title='bbox 487 924 615 978; x_wconf 80' lang='lat' dir='ltr'>ostendit</span> <span class='ocrx_word' id='word_1_56' title='bbox 632 939 717 978; x_wconf 87' lang='lat' dir='ltr'>suam</span> <span class='ocrx_word' id='word_1_57' title='bbox 733 924 906 995; x_wconf 88' lang='lat' dir='ltr'>potentiam.</span> <span class='ocrx_word' id='word_1_58' title='bbox 939 924 980 983; x_wconf 84' lang='lat' dir='ltr'>Et</span> <span class='ocrx_word' id='word_1_59' title='bbox 1003 937 1105 982; x_wconf 79' lang='lat' dir='ltr'>tamen</span> <span class='ocrx_word' id='word_1_60' title='bbox 1121 926 1198 993; x_wconf 75' lang='lat' dir='ltr'>ne2)</span> 
     </span>
     <span class='ocr_line' id='line_1_8' title="bbox 143 1009 1198 1086; baseline 0.007 -22"><span class='ocrx_word' id='word_1_61' title='bbox 143 1009 314 1082; x_wconf 70' lang='lat' dir='ltr'>impugnent</span> <span class='ocrx_word' id='word_1_62' title='bbox 332 1025 503 1067; x_wconf 86' lang='lat' dir='ltr'>nostrorum</span> <span class='ocrx_word' id='word_1_63' title='bbox 523 1013 702 1066; x_wconf 87' lang='lat' dir='ltr'>voluntatem</span> <span class='ocrx_word' id='word_1_64' title='bbox 725 1026 755 1067; x_wconf 86' lang='lat' dir='ltr'>et</span> <span class='ocrx_word' id='word_1_65' title='bbox 772 1013 947 1080; x_wconf 87' lang='lat' dir='ltr'>consilium,</span> <span class='ocrx_word' id='word_1_66' title='bbox 970 1013 1072 1070; x_wconf 79' lang='lat' dir='ltr'>habeo</span> <span class='ocrx_word' id='word_1_67' title='bbox 1088 1016 1198 1086; x_wconf 72' lang='lat' dir='ltr'>gravis.</span> 
     </span>
     <span class='ocr_line' id='line_1_9' title="bbox 144 1101 1200 1177; baseline 0.008 -24"><span class='ocrx_word' id='word_1_68' title='bbox 144 1101 234 1154; x_wconf 87' lang='lat' dir='ltr'>simas</span> <span class='ocrx_word' id='word_1_69' title='bbox 247 1116 361 1155; x_wconf 79' lang='lat' dir='ltr'><strong>causas.</strong></span> <span class='ocrx_word' id='word_1_70' title='bbox 396 1101 532 1174; x_wconf 78' lang='lat' dir='ltr'>Quarum</span> <span class='ocrx_word' id='word_1_71' title='bbox 544 1117 600 1176; x_wconf 74' lang='lat' dir='ltr'>upa</span> <span class='ocrx_word' id='word_1_72' title='bbox 613 1114 676 1158; x_wconf 86' lang='lat' dir='ltr'>est.</span> <span class='ocrx_word' id='word_1_73' title='bbox 694 1102 774 1171; x_wconf 86' lang='lat' dir='ltr'>quod</span> <span class='ocrx_word' id='word_1_74' title='bbox 787 1104 896 1156; x_wconf 87' lang='lat' dir='ltr'>Caesar</span> <span class='ocrx_word' id='word_1_75' title='bbox 907 1119 966 1156; x_wconf 93' lang='lat' dir='ltr'>non</span> <span class='ocrx_word' id='word_1_76' title='bbox 982 1103 1023 1159; x_wconf 88' lang='lat' dir='ltr'>sit</span> <span class='ocrx_word' id='word_1_77' title='bbox 1034 1121 1094 1159; x_wconf 89' lang='lat' dir='ltr'>nec</span> <span class='ocrx_word' id='word_1_78' title='bbox 1105 1105 1200 1177; x_wconf 81' lang='lat' dir='ltr'>possit</span> 
     </span>
     <span class='ocr_line' id='line_1_10' title="bbox 142 1178 1197 1267; baseline 0.007 -23"><span class='ocrx_word' id='word_1_79' title='bbox 142 1178 278 1262; x_wconf 66' lang='lat' dir='ltr'>persona</span> <span class='ocrx_word' id='word_1_80' title='bbox 288 1191 334 1244; x_wconf 88' lang='lat' dir='ltr'>illa</span> <span class='ocrx_word' id='word_1_81' title='bbox 348 1208 431 1256; x_wconf 81' lang='lat' dir='ltr'>esse,</span> <span class='ocrx_word' id='word_1_82' title='bbox 450 1207 524 1262; x_wconf 86' lang='lat' dir='ltr'>quae</span> <span class='ocrx_word' id='word_1_83' title='bbox 537 1190 598 1244; x_wconf 94' lang='lat' dir='ltr'>hoc</span> <span class='ocrx_word' id='word_1_84' title='bbox 611 1189 723 1249; x_wconf 81' lang='lat' dir='ltr'>bellurn</span> <span class='ocrx_word' id='word_1_85' title='bbox 734 1204 871 1246; x_wconf 84' lang='lat' dir='ltr'>moveret</span> <span class='ocrx_word' id='word_1_86' title='bbox 887 1203 934 1245; x_wconf 89' lang='lat' dir='ltr'>aut</span> <span class='ocrx_word' id='word_1_87' title='bbox 945 1209 1070 1249; x_wconf 84' lang='lat' dir='ltr'>movere</span> <span class='ocrx_word' id='word_1_88' title='bbox 1081 1207 1197 1267; x_wconf 83' lang='lat' dir='ltr'>posset,</span> 
     </span>
     <span class='ocr_line' id='line_1_11' title="bbox 142 1280 1196 1358; baseline 0.007 -24"><span class='ocrx_word' id='word_1_89' title='bbox 142 1281 195 1334; x_wconf 86' lang='lat' dir='ltr'>sed</span> <span class='ocrx_word' id='word_1_90' title='bbox 214 1281 293 1351; x_wconf 86' lang='lat' dir='ltr'>Papa</span> <span class='ocrx_word' id='word_1_91' title='bbox 309 1293 337 1335; x_wconf 90' lang='lat' dir='ltr'>et</span> <span class='ocrx_word' id='word_1_92' title='bbox 355 1280 518 1352; x_wconf 77' lang='lat' dir='ltr'>Episcopi,</span> <span class='ocrx_word' id='word_1_93' title='bbox 544 1284 594 1349; x_wconf 86' lang='lat' dir='ltr'>qui</span> <span class='ocrx_word' id='word_1_94' title='bbox 612 1280 738 1334; x_wconf 76' lang='lat' dir='ltr'>Caesare</span> <span class='ocrx_word' id='word_1_95' title='bbox 755 1282 836 1335; x_wconf 86' lang='lat' dir='ltr'>velut</span> <span class='ocrx_word' id='word_1_96' title='bbox 851 1281 942 1337; x_wconf 88' lang='lat' dir='ltr'>milite</span> <span class='ocrx_word' id='word_1_97' title='bbox 960 1283 1001 1337; x_wconf 91' lang='lat' dir='ltr'>uti</span> <span class='ocrx_word' id='word_1_98' title='bbox 1019 1284 1127 1340; x_wconf 84' lang='lat' dir='ltr'>volunt</span> <span class='ocrx_word' id='word_1_99' title='bbox 1143 1302 1196 1358; x_wconf 85' lang='lat' dir='ltr'>pro</span> 
     </span>
     <span class='ocr_line' id='line_1_12' title="bbox 141 1368 1196 1442; baseline 0.005 -17"><span class='ocrx_word' id='word_1_100' title='bbox 141 1372 205 1426; x_wconf 81' lang='lat' dir='ltr'>suls</span> <span class='ocrx_word' id='word_1_101' title='bbox 230 1371 387 1428; x_wconf 78' lang='lat' dir='ltr'>horrendis</span> <span class='ocrx_word' id='word_1_102' title='bbox 411 1368 613 1442; x_wconf 83' lang='lat' dir='ltr'>tyrannirlibus</span> <span class='ocrx_word' id='word_1_103' title='bbox 638 1377 667 1423; x_wconf 86' lang='lat' dir='ltr'>et</span> <span class='ocrx_word' id='word_1_104' title='bbox 693 1369 846 1425; x_wconf 77' lang='lat' dir='ltr'>diabolicis</span> <span class='ocrx_word' id='word_1_105' title='bbox 866 1371 979 1441; x_wconf 82' lang='lat' dir='ltr'>flagitiis</span> <span class='ocrx_word' id='word_1_106' title='bbox 1004 1373 1196 1436; x_wconf 79' lang='lat' dir='ltr'>defendendis</span> 
     </span>
     <span class='ocr_line' id='line_1_13' title="bbox 142 1452 1195 1531; baseline 0.002 -13"><span class='ocrx_word' id='word_1_107' title='bbox 142 1474 246 1518; x_wconf 84' lang='lat' dir='ltr'>corttta</span> <span class='ocrx_word' id='word_1_108' title='bbox 271 1464 396 1531; x_wconf 82' lang='lat' dir='ltr'>agnitam</span> <span class='ocrx_word' id='word_1_109' title='bbox 421 1452 592 1514; x_wconf 70' lang='lat' dir='ltr'>veritatem?</span> <span class='ocrx_word' id='word_1_110' title='bbox 630 1457 712 1513; x_wconf 91' lang='lat' dir='ltr'>Nihil</span> <span class='ocrx_word' id='word_1_111' title='bbox 741 1461 818 1513; x_wconf 87' lang='lat' dir='ltr'>enirn</span> <span class='ocrx_word' id='word_1_112' title='bbox 844 1461 933 1517; x_wconf 88' lang='lat' dir='ltr'>habet</span> <span class='ocrx_word' id='word_1_113' title='bbox 956 1461 1067 1518; x_wconf 79' lang='lat' dir='ltr'>Caesar</span> <span class='ocrx_word' id='word_1_114' title='bbox 1094 1478 1195 1520; x_wconf 71' lang='lat' dir='ltr'>contu</span> 
     </span>
     <span class='ocr_line' id='line_1_14' title="bbox 140 1546 1194 1622; baseline 0.007 -18"><span class='ocrx_word' id='word_1_115' title='bbox 140 1551 297 1622; x_wconf 82' lang='lat' dir='ltr'>Principes</span> <span class='ocrx_word' id='word_1_116' title='bbox 315 1565 439 1617; x_wconf 83' lang='lat' dir='ltr'>causae,</span> <span class='ocrx_word' id='word_1_117' title='bbox 456 1562 489 1605; x_wconf 88' lang='grc' dir='ltr'>ιιι</span> <span class='ocrx_word' id='word_1_118' title='bbox 501 1547 625 1615; x_wconf 86' lang='lat' dir='ltr'>Caesar,</span> <span class='ocrx_word' id='word_1_119' title='bbox 643 1549 695 1601; x_wconf 90' lang='lat' dir='ltr'>sed</span> <span class='ocrx_word' id='word_1_120' title='bbox 710 1546 790 1620; x_wconf 86' lang='lat' dir='ltr'>Papa</span> <span class='ocrx_word' id='word_1_121' title='bbox 806 1550 870 1605; x_wconf 86' lang='lat' dir='ltr'>vult</span> <span class='ocrx_word' id='word_1_122' title='bbox 885 1550 997 1606; x_wconf 80' lang='lat' dir='ltr'>habere</span> <span class='ocrx_word' id='word_1_123' title='bbox 1014 1570 1077 1608; x_wconf 92' lang='lat' dir='ltr'>non</span> <span class='ocrx_word' id='word_1_124' title='bbox 1095 1570 1194 1611; x_wconf 73' lang='lat' dir='ltr'>canus</span> 
     </span>
    </p>
   </div>
   <div class='ocr_carea' id='block_1_3' title="bbox 12 1628 1194 1716">
    <p class='ocr_par' dir='ltr' id='par_1_3' title="bbox 12 1628 1194 1716">
     <span class='ocr_line' id='line_1_15' title="bbox 12 1628 1194 1716; baseline 0.003 -20"><span class='ocrx_word' id='word_1_125' title='bbox 12 1683 19 1695; x_wconf 93' lang='lat'>.</span> <span class='ocrx_word' id='word_1_126' title='bbox 33 1708 37 1713; x_wconf 18' lang='grc'>1</span> <span class='ocrx_word' id='word_1_127' title='bbox 140 1659 197 1714; x_wconf 88' lang='lat' dir='ltr'>pro</span> <span class='ocrx_word' id='word_1_128' title='bbox 210 1643 318 1710; x_wconf 70' lang='lat' dir='ltr'>causis,</span> <span class='ocrx_word' id='word_1_129' title='bbox 335 1652 365 1694; x_wconf 87' lang='lat' dir='ltr'>et</span> <span class='ocrx_word' id='word_1_130' title='bbox 377 1641 414 1694; x_wconf 84' lang='lat' dir='ltr'>ita</span> <span class='ocrx_word' id='word_1_131' title='bbox 426 1639 581 1697; x_wconf 75' lang='lat' dir='ltr'>Caesarem</span> <span class='ocrx_word' id='word_1_132' title='bbox 594 1628 748 1692; x_wconf 82' lang='lat' dir='ltr'>involvere</span> <span class='ocrx_word' id='word_1_133' title='bbox 759 1640 926 1708; x_wconf 84' lang='lat' dir='ltr'>periculoso</span> <span class='ocrx_word' id='word_1_134' title='bbox 939 1640 1031 1698; x_wconf 87' lang='lat' dir='ltr'>bello.</span> <span class='ocrx_word' id='word_1_135' title='bbox 1066 1646 1097 1700; x_wconf 90' lang='lat' dir='ltr'>Si</span> <span class='ocrx_word' id='word_1_136' title='bbox 1111 1646 1194 1716; x_wconf 77' lang='lat' dir='ltr'>igitur</span> 
     </span>
    </p>
   </div>
   <div class='ocr_carea' id='block_1_4' title="bbox 112 1727 1194 2342">
    <p class='ocr_par' dir='ltr' id='par_1_4' title="bbox 112 1727 1194 2342">
     <span class='ocr_line' id='line_1_16' title="bbox 139 1727 1193 1805; baseline 0.002 -16"><span class='ocrx_word' id='word_1_137' title='bbox 139 1733 209 1789; x_wconf 89' lang='lat' dir='ltr'>licet</span> <span class='ocrx_word' id='word_1_138' title='bbox 226 1730 478 1795; x_wconf 75' lang='lat' dir='ltr'>contruTurcam</span> <span class='ocrx_word' id='word_1_139' title='bbox 501 1727 628 1792; x_wconf 85' lang='lat' dir='ltr'>bellate,</span> <span class='ocrx_word' id='word_1_140' title='bbox 654 1743 708 1781; x_wconf 89' lang='lat' dir='ltr'>seu</span> <span class='ocrx_word' id='word_1_141' title='bbox 731 1742 764 1781; x_wconf 92' lang='lat' dir='ltr'>se</span> <span class='ocrx_word' id='word_1_142' title='bbox 784 1729 963 1798; x_wconf 80' lang='lat' dir='ltr'>defendere,</span> <span class='ocrx_word' id='word_1_143' title='bbox 988 1732 1193 1805; x_wconf 80' lang='lat' dir='ltr'>multomagis</span> 
     </span>
     <span class='ocr_line' id='line_1_17' title="bbox 112 1809 1194 1903; baseline 0.002 -24"><span class='ocrx_word' id='word_1_144' title='bbox 112 1820 115 1827; x_wconf 79' lang='grc'><strong>’</strong></span> <span class='ocrx_word' id='word_1_145' title='bbox 141 1834 247 1878; x_wconf 84' lang='lat' dir='ltr'>eontra</span> <span class='ocrx_word' id='word_1_146' title='bbox 263 1821 392 1903; x_wconf 85' lang='lat' dir='ltr'>Papam,</span> <span class='ocrx_word' id='word_1_147' title='bbox 410 1818 461 1890; x_wconf 91' lang='lat' dir='ltr'>qui</span> <span class='ocrx_word' id='word_1_148' title='bbox 479 1818 565 1894; x_wconf 86' lang='lat' dir='ltr'>pejor</span> <span class='ocrx_word' id='word_1_149' title='bbox 581 1828 637 1873; x_wconf 87' lang='lat' dir='ltr'>est.</span> <span class='ocrx_word' id='word_1_150' title='bbox 654 1814 686 1883; x_wconf 79' lang='grc'>3)</span> <span class='ocrx_word' id='word_1_151' title='bbox 721 1815 811 1892; x_wconf 78' lang='lat' dir='ltr'>Quod</span> <span class='ocrx_word' id='word_1_152' title='bbox 828 1809 859 1886; x_wconf 70' lang='lat'>⁴)</span> <span class='ocrx_word' id='word_1_153' title='bbox 885 1820 910 1876; x_wconf 87' lang='lat' dir='ltr'>si</span> <span class='ocrx_word' id='word_1_154' title='bbox 927 1821 1038 1877; x_wconf 80' lang='lat' dir='ltr'>Caesar</span> <span class='ocrx_word' id='word_1_155' title='bbox 1056 1840 1126 1881; x_wconf 87' lang='lat' dir='ltr'>sese</span> <span class='ocrx_word' id='word_1_156' title='bbox 1144 1827 1194 1885; x_wconf 77' lang='lat' dir='ltr'>mi.</span> 
     </span>
     <span class='ocr_line' id='line_1_18' title="bbox 142 1906 1192 1981; baseline 0.004 -15"><span class='ocrx_word' id='word_1_157' title='bbox 142 1912 255 1975; x_wconf 72' lang='lat' dir='ltr'>acuerit</span> <span class='ocrx_word' id='word_1_158' title='bbox 272 1911 348 1975; x_wconf 79' lang='lat' dir='ltr'>inter</span> <span class='ocrx_word' id='word_1_159' title='bbox 363 1909 461 1981; x_wconf 83' lang='lat' dir='ltr'>Papae</span> <span class='ocrx_word' id='word_1_160' title='bbox 477 1907 524 1963; x_wconf 82' lang='lat' dir='ltr'>vel</span> <span class='ocrx_word' id='word_1_161' title='bbox 537 1907 658 1963; x_wconf 82' lang='lat' dir='ltr'>Turcas</span> <span class='ocrx_word' id='word_1_162' title='bbox 675 1906 825 1974; x_wconf 84' lang='lat' dir='ltr'>militiam,</span> <span class='ocrx_word' id='word_1_163' title='bbox 844 1922 999 1981; x_wconf 85' lang='lat' dir='ltr'>exspectet</span> <span class='ocrx_word' id='word_1_164' title='bbox 1013 1925 1128 1970; x_wconf 78' lang='lat' dir='ltr'>sortem</span> <span class='ocrx_word' id='word_1_165' title='bbox 1145 1917 1192 1972; x_wconf 83' lang='lat' dir='ltr'>tali</span> 
     </span>
     <span class='ocr_line' id='line_1_19' title="bbox 141 1996 1193 2069; baseline 0.006 -12"><span class='ocrx_word' id='word_1_166' title='bbox 141 2000 250 2066; x_wconf 78' lang='lat' dir='ltr'>malitia</span> <span class='ocrx_word' id='word_1_167' title='bbox 267 2000 390 2069; x_wconf 76' lang='lat' dir='ltr'>dignam,</span> <span class='ocrx_word' id='word_1_168' title='bbox 426 1997 498 2052; x_wconf 84' lang='lat' dir='ltr'>ideo</span> <span class='ocrx_word' id='word_1_169' title='bbox 521 1998 612 2057; x_wconf 83' lang='lat' dir='ltr'>nostri</span> <span class='ocrx_word' id='word_1_170' title='bbox 630 1996 804 2067; x_wconf 85' lang='lat' dir='ltr'>judicarunt</span> <span class='ocrx_word' id='word_1_171' title='bbox 820 1998 977 2061; x_wconf 83' lang='lat' dir='ltr'>Caesarem</span> <span class='ocrx_word' id='word_1_172' title='bbox 994 2002 1025 2058; x_wconf 92' lang='lat' dir='ltr'>in</span> <span class='ocrx_word' id='word_1_173' title='bbox 1042 2004 1105 2062; x_wconf 86' lang='lat' dir='ltr'>hoc</span> <span class='ocrx_word' id='word_1_174' title='bbox 1123 2022 1193 2062; x_wconf 81' lang='lat' dir='ltr'>casu</span> 
     </span>
     <span class='ocr_line' id='line_1_20' title="bbox 138 2074 1192 2165; baseline 0.004 -17"><span class='ocrx_word' id='word_1_175' title='bbox 138 2074 200 2149; x_wconf 82' lang='lat' dir='ltr'>non</span> <span class='ocrx_word' id='word_1_176' title='bbox 220 2092 380 2146; x_wconf 86' lang='lat' dir='ltr'>Caesarem</span> <span class='ocrx_word' id='word_1_177' title='bbox 398 2102 483 2153; x_wconf 90' lang='lat' dir='ltr'>esse,</span> <span class='ocrx_word' id='word_1_178' title='bbox 506 2087 558 2144; x_wconf 87' lang='lat' dir='ltr'>sed</span> <span class='ocrx_word' id='word_1_179' title='bbox 583 2087 704 2148; x_wconf 81' lang='lat' dir='ltr'>militem</span> <span class='ocrx_word' id='word_1_180' title='bbox 726 2087 919 2149; x_wconf 68' lang='lat' dir='ltr'>strationem</span> <span class='ocrx_word' id='word_1_181' title='bbox 937 2089 1043 2162; x_wconf 84' lang='lat' dir='ltr'>Papae.</span> <span class='ocrx_word' id='word_1_182' title='bbox 1078 2094 1148 2152; x_wconf 88' lang='lat' dir='ltr'>Nec</span> <span class='ocrx_word' id='word_1_183' title='bbox 1163 2088 1192 2165; x_wconf 79' lang='lat'>⁵)</span> 
     </span>
     <span class='ocr_line' id='line_1_21' title="bbox 140 2174 1191 2250; baseline 0.005 -13"><span class='ocrx_word' id='word_1_184' title='bbox 140 2181 217 2237; x_wconf 86' lang='lat' dir='ltr'>enim</span> <span class='ocrx_word' id='word_1_185' title='bbox 236 2191 280 2234; x_wconf 87' lang='lat' dir='ltr'>est</span> <span class='ocrx_word' id='word_1_186' title='bbox 297 2179 462 2250; x_wconf 84' lang='lat' dir='ltr'>Imperator</span> <span class='ocrx_word' id='word_1_187' title='bbox 477 2187 506 2230; x_wconf 88' lang='lat' dir='ltr'>et</span> <span class='ocrx_word' id='word_1_188' title='bbox 519 2176 628 2232; x_wconf 73' lang='lat' dir='ltr'>Caesar</span> <span class='ocrx_word' id='word_1_189' title='bbox 643 2176 672 2235; x_wconf 89' lang='lat' dir='ltr'>in</span> <span class='ocrx_word' id='word_1_190' title='bbox 686 2174 748 2232; x_wconf 91' lang='lat' dir='ltr'>hoc</span> <span class='ocrx_word' id='word_1_191' title='bbox 760 2175 850 2239; x_wconf 90' lang='lat' dir='ltr'>bello.</span> <span class='ocrx_word' id='word_1_192' title='bbox 884 2180 932 2234; x_wconf 88' lang='lat' dir='ltr'>Sic</span> <span class='ocrx_word' id='word_1_193' title='bbox 944 2183 1039 2237; x_wconf 84' lang='lat' dir='ltr'>nostri</span> <span class='ocrx_word' id='word_1_194' title='bbox 1052 2187 1191 2242; x_wconf 83' lang='lat' dir='ltr'>sentiunt.</span> 
     </span>
     <span class='ocr_line' id='line_1_22' title="bbox 138 2265 1192 2342; baseline 0.003 -18"><span class='ocrx_word' id='word_1_195' title='bbox 138 2272 205 2342; x_wconf 84' lang='lat' dir='ltr'>Ego</span> <span class='ocrx_word' id='word_1_196' title='bbox 218 2285 292 2324; x_wconf 86' lang='lat' dir='ltr'>vero</span> <span class='ocrx_word' id='word_1_197' title='bbox 304 2269 339 2320; x_wconf 91' lang='lat' dir='ltr'>de</span> <span class='ocrx_word' id='word_1_198' title='bbox 354 2268 491 2334; x_wconf 81' lang='lat' dir='ltr'>Caesare,</span> <span class='ocrx_word' id='word_1_199' title='bbox 509 2281 568 2321; x_wconf 92' lang='lat' dir='ltr'>non</span> <span class='ocrx_word' id='word_1_200' title='bbox 583 2267 674 2321; x_wconf 90' lang='lat' dir='ltr'>milite</span> <span class='ocrx_word' id='word_1_201' title='bbox 689 2265 784 2335; x_wconf 81' lang='lat' dir='ltr'>Papae</span> <span class='ocrx_word' id='word_1_202' title='bbox 797 2278 879 2328; x_wconf 85' lang='lat' dir='ltr'>antea</span> <span class='ocrx_word' id='word_1_203' title='bbox 892 2272 1035 2329; x_wconf 76' lang='lat' dir='ltr'>consului.</span> <span class='ocrx_word' id='word_1_204' title='bbox 1071 2274 1113 2332; x_wconf 86' lang='grc' dir='ltr'>Ει</span> <span class='ocrx_word' id='word_1_205' title='bbox 1129 2294 1192 2332; x_wconf 82' lang='grc' dir='ltr'><strong>ιιιο.</strong></span> 
     </span>
    </p>
   </div>
   <div class='ocr_carea' id='block_1_5' title="bbox 136 2353 1194 2973">
    <p class='ocr_par' dir='ltr' id='par_1_5' title="bbox 136 2353 1194 2973">
     <span class='ocr_line' id='line_1_23' title="bbox 137 2353 1191 2438; baseline -0.003 -21"><span class='ocrx_word' id='word_1_206' title='bbox 137 2372 209 2425; x_wconf 80' lang='lat' dir='ltr'>irent</span> <span class='ocrx_word' id='word_1_207' title='bbox 225 2353 252 2424; x_wconf 83' lang='lat'>⁶)</span> <span class='ocrx_word' id='word_1_208' title='bbox 277 2374 325 2419; x_wconf 82' lang='lat' dir='ltr'>me</span> <span class='ocrx_word' id='word_1_209' title='bbox 343 2356 478 2437; x_wconf 73' lang='lat' dir='ltr'>exempla</span> <span class='ocrx_word' id='word_1_210' title='bbox 496 2369 557 2412; x_wconf 87' lang='lat' dir='ltr'>tum</span> <span class='ocrx_word' id='word_1_211' title='bbox 576 2357 672 2427; x_wconf 86' lang='lat' dir='ltr'>Papae</span> <span class='ocrx_word' id='word_1_212' title='bbox 692 2368 753 2411; x_wconf 87' lang='lat' dir='ltr'>tum</span> <span class='ocrx_word' id='word_1_213' title='bbox 771 2357 931 2420; x_wconf 75' lang='lat' dir='ltr'>cardinalis</span> <span class='ocrx_word' id='word_1_214' title='bbox 950 2360 1116 2431; x_wconf 78' lang='lat' dir='ltr'>Hellensis,</span> <span class='ocrx_word' id='word_1_215' title='bbox 1140 2367 1191 2438; x_wconf 80' lang='lat' dir='ltr'>qui</span> 
     </span>
     <span class='ocr_line' id='line_1_24' title="bbox 138 2438 1189 2527; baseline -0.003 -19"><span class='ocrx_word' id='word_1_216' title='bbox 138 2456 216 2510; x_wconf 80' lang='lat' dir='ltr'>sicut</span> <span class='ocrx_word' id='word_1_217' title='bbox 226 2448 361 2512; x_wconf 81' lang='lat' dir='ltr'>Julianus</span> <span class='ocrx_word' id='word_1_218' title='bbox 374 2451 516 2518; x_wconf 72' lang='lat' dir='ltr'>Apostate</span> <span class='ocrx_word' id='word_1_219' title='bbox 533 2446 709 2514; x_wconf 86' lang='lat' dir='ltr'>delectatur,</span> <span class='ocrx_word' id='word_1_220' title='bbox 721 2438 750 2513; x_wconf 83' lang='lat'>⁷)</span> <span class='ocrx_word' id='word_1_221' title='bbox 769 2447 948 2511; x_wconf 79' lang='lat' dir='ltr'>christianos</span> <span class='ocrx_word' id='word_1_222' title='bbox 960 2452 1016 2508; x_wconf 88' lang='lat' dir='ltr'>sub</span> <span class='ocrx_word' id='word_1_223' title='bbox 1027 2452 1189 2527; x_wconf 74' lang='lat' dir='ltr'>Evangelio</span> 
     </span>
     <span class='ocr_line' id='line_1_25' title="bbox 139 2532 1192 2610; baseline -0.001 -13"><span class='ocrx_word' id='word_1_224' title='bbox 139 2542 302 2600; x_wconf 84' lang='lat' dir='ltr'>obstrictos</span> <span class='ocrx_word' id='word_1_225' title='bbox 320 2538 392 2607; x_wconf 84' lang='lat' dir='ltr'>cogi</span> <span class='ocrx_word' id='word_1_226' title='bbox 406 2541 441 2594; x_wconf 85' lang='lat' dir='ltr'>ad</span> <span class='ocrx_word' id='word_1_227' title='bbox 460 2538 594 2596; x_wconf 83' lang='lat' dir='ltr'>ferendas</span> <span class='ocrx_word' id='word_1_228' title='bbox 613 2539 706 2610; x_wconf 85' lang='lat' dir='ltr'>ipsius</span> <span class='ocrx_word' id='word_1_229' title='bbox 721 2532 751 2605; x_wconf 73' lang='grc'>8)</span> <span class='ocrx_word' id='word_1_230' title='bbox 772 2539 909 2594; x_wconf 75' lang='lat' dir='ltr'>libidines</span> <span class='ocrx_word' id='word_1_231' title='bbox 926 2552 956 2595; x_wconf 86' lang='lat' dir='ltr'>et</span> <span class='ocrx_word' id='word_1_232' title='bbox 971 2539 1062 2607; x_wconf 72' lang='lat' dir='ltr'>furias</span> <span class='ocrx_word' id='word_1_233' title='bbox 1080 2544 1109 2600; x_wconf 93' lang='lat' dir='ltr'>in</span> <span class='ocrx_word' id='word_1_234' title='bbox 1128 2545 1192 2602; x_wconf 80' lang='lat' dir='ltr'>ins.</span> 
     </span>
     <span class='ocr_line' id='line_1_26' title="bbox 137 2627 1191 2704; baseline 0.003 -16"><span class='ocrx_word' id='word_1_235' title='bbox 137 2633 250 2698; x_wconf 79' lang='lat' dir='ltr'>uisum,</span> <span class='ocrx_word' id='word_1_236' title='bbox 267 2630 339 2685; x_wconf 88' lang='lat' dir='ltr'>dum</span> <span class='ocrx_word' id='word_1_237' title='bbox 357 2627 472 2685; x_wconf 90' lang='lat' dir='ltr'>iuterim</span> <span class='ocrx_word' id='word_1_238' title='bbox 490 2629 546 2682; x_wconf 90' lang='lat' dir='ltr'>sub</span> <span class='ocrx_word' id='word_1_239' title='bbox 564 2629 683 2685; x_wconf 89' lang='lat' dir='ltr'>nomine</span> <span class='ocrx_word' id='word_1_240' title='bbox 697 2629 808 2685; x_wconf 87' lang='lat' dir='ltr'>Christi</span> <span class='ocrx_word' id='word_1_241' title='bbox 826 2630 864 2685; x_wconf 86' lang='lat' dir='ltr'>ita</span> <span class='ocrx_word' id='word_1_242' title='bbox 881 2631 970 2698; x_wconf 81' lang='lat' dir='ltr'>furit,</span> <span class='ocrx_word' id='word_1_243' title='bbox 987 2650 1078 2704; x_wconf 89' lang='lat' dir='ltr'>quem</span> <span class='ocrx_word' id='word_1_244' title='bbox 1092 2649 1191 2693; x_wconf 86' lang='lat' dir='ltr'>tamen</span> 
     </span>
     <span class='ocr_line' id='line_1_27' title="bbox 136 2713 1194 2795; baseline -0.006 -18"><span class='ocrx_word' id='word_1_245' title='bbox 136 2721 274 2779; x_wconf 83' lang='lat' dir='ltr'>horribili</span> <span class='ocrx_word' id='word_1_246' title='bbox 290 2717 472 2791; x_wconf 83' lang='lat' dir='ltr'>blasphemia</span> <span class='ocrx_word' id='word_1_247' title='bbox 489 2718 598 2773; x_wconf 83' lang='lat' dir='ltr'>irridet.</span> <span class='ocrx_word' id='word_1_248' title='bbox 632 2721 691 2773; x_wconf 82' lang='lat' dir='ltr'>Aut</span> <span class='ocrx_word' id='word_1_249' title='bbox 706 2719 792 2788; x_wconf 81' lang='lat' dir='ltr'>igitur</span> <span class='ocrx_word' id='word_1_250' title='bbox 804 2720 951 2792; x_wconf 84' lang='lat' dir='ltr'>deponant</span> <span class='ocrx_word' id='word_1_251' title='bbox 962 2713 989 2786; x_wconf 78' lang='grc'>9)</span> <span class='ocrx_word' id='word_1_252' title='bbox 1005 2723 1104 2795; x_wconf 80' lang='lat' dir='ltr'>Papa,</span> <span class='ocrx_word' id='word_1_253' title='bbox 1124 2727 1194 2782; x_wconf 60' lang='lat' dir='ltr'>cas,</span> 
     </span>
     <span class='ocr_line' id='line_1_28' title="bbox 138 2809 1191 2892; baseline 0.004 -25"><span class='ocrx_word' id='word_1_254' title='bbox 138 2814 266 2880; x_wconf 83' lang='lat' dir='ltr'>dinales,</span> <span class='ocrx_word' id='word_1_255' title='bbox 283 2809 441 2892; x_wconf 86' lang='lat' dir='ltr'>Episcopi,</span> <span class='ocrx_word' id='word_1_256' title='bbox 465 2809 574 2863; x_wconf 83' lang='lat' dir='ltr'>Caesar</span> <span class='ocrx_word' id='word_1_257' title='bbox 590 2820 648 2864; x_wconf 90' lang='lat' dir='ltr'>etc.</span> <span class='ocrx_word' id='word_1_258' title='bbox 666 2825 775 2872; x_wconf 84' lang='lat' dir='ltr'>nornen</span> <span class='ocrx_word' id='word_1_259' title='bbox 793 2809 906 2867; x_wconf 84' lang='lat' dir='ltr'>Christi</span> <span class='ocrx_word' id='word_1_260' title='bbox 923 2825 952 2866; x_wconf 90' lang='lat' dir='ltr'>et</span> <span class='ocrx_word' id='word_1_261' title='bbox 968 2814 1132 2882; x_wconf 80' lang='lat' dir='ltr'>fateantur,</span> <span class='ocrx_word' id='word_1_262' title='bbox 1158 2834 1191 2873; x_wconf 82' lang='lat' dir='ltr'>se</span> 
     </span>
     <span class='ocr_line' id='line_1_29' title="bbox 138 2899 1192 2973; baseline -0.019 -14"><span class='ocrx_word' id='word_1_263' title='bbox 138 2903 168 2959; x_wconf 92' lang='lat' dir='ltr'>id</span> <span class='ocrx_word' id='word_1_264' title='bbox 186 2918 270 2972; x_wconf 86' lang='lat' dir='ltr'>esse,</span> <span class='ocrx_word' id='word_1_265' title='bbox 288 2899 370 2973; x_wconf 86' lang='lat' dir='ltr'>quod</span> <span class='ocrx_word' id='word_1_266' title='bbox 387 2911 472 2967; x_wconf 87' lang='lat' dir='ltr'>sunt,</span> <span class='ocrx_word' id='word_1_267' title='bbox 490 2900 517 2953; x_wconf 88' lang='lat' dir='ltr'>id</span> <span class='ocrx_word' id='word_1_268' title='bbox 535 2909 596 2966; x_wconf 89' lang='lat' dir='ltr'>est,</span> <span class='ocrx_word' id='word_1_269' title='bbox 613 2900 650 2966; x_wconf 62' lang='grc' dir='ltr'>ὀ)</span> <span class='ocrx_word' id='word_1_270' title='bbox 667 2899 813 2970; x_wconf 71' lang='lat' dir='ltr'>mancipia</span> <span class='ocrx_word' id='word_1_271' title='bbox 830 2899 965 2967; x_wconf 64' lang='lat' dir='ltr'>satanae,</span> <span class='ocrx_word' id='word_1_272' title='bbox 982 2912 1055 2958; x_wconf 65' lang='lat' dir='ltr'>tunc</span> <span class='ocrx_word' id='word_1_273' title='bbox 1068 2903 1106 2970; x_wconf 83' lang='lat' dir='ltr'>n)</span> <span class='ocrx_word' id='word_1_274' title='bbox 1125 2923 1192 2960; x_wconf 56' lang='lat' dir='ltr'>pu„</span> 
     </span>
    </p>
   </div>
   <div class='ocr_carea' id='block_1_6' title="bbox 133 2988 1193 3615">
    <p class='ocr_par' dir='ltr' id='par_1_6' title="bbox 133 2988 1193 3615">
     <span class='ocr_line' id='line_1_30' title="bbox 138 2988 1192 3062; baseline 0.003 -15"><span class='ocrx_word' id='word_1_275' title='bbox 138 2992 233 3060; x_wconf 87' lang='lat' dir='ltr'>tlebo,</span> <span class='ocrx_word' id='word_1_276' title='bbox 260 3002 293 3046; x_wconf 90' lang='lat' dir='ltr'>ut</span> <span class='ocrx_word' id='word_1_277' title='bbox 314 2990 414 3062; x_wconf 89' lang='lat' dir='ltr'>prius,</span> <span class='ocrx_word' id='word_1_278' title='bbox 438 3001 471 3042; x_wconf 90' lang='grc' dir='ltr'>ιιι</span> <span class='ocrx_word' id='word_1_279' title='bbox 493 2988 650 3058; x_wconf 77' lang='lat' dir='ltr'>gentilibus</span> <span class='ocrx_word' id='word_1_280' title='bbox 674 2990 803 3060; x_wconf 84' lang='lat' dir='ltr'>tyrannis</span> <span class='ocrx_word' id='word_1_281' title='bbox 826 2990 982 3059; x_wconf 85' lang='lat' dir='ltr'>cedamus,</span> <span class='ocrx_word' id='word_1_282' title='bbox 1008 3004 1059 3046; x_wconf 87' lang='lat' dir='ltr'>aut</span> <span class='ocrx_word' id='word_1_283' title='bbox 1082 2994 1109 3048; x_wconf 88' lang='lat' dir='ltr'>si</span> <span class='ocrx_word' id='word_1_284' title='bbox 1135 2996 1192 3050; x_wconf 88' lang='lat' dir='ltr'>snb</span> 
     </span>
     <span class='ocr_line' id='line_1_31' title="bbox 136 3079 1193 3155; baseline 0.003 -18"><span class='ocrx_word' id='word_1_285' title='bbox 136 3083 258 3149; x_wconf 78' lang='lat' dir='ltr'>nomine</span> <span class='ocrx_word' id='word_1_286' title='bbox 276 3079 384 3145; x_wconf 77' lang='lat' dir='ltr'>Christi</span> <span class='ocrx_word' id='word_1_287' title='bbox 401 3090 503 3143; x_wconf 81' lang='lat' dir='ltr'>contra</span> <span class='ocrx_word' id='word_1_288' title='bbox 520 3079 697 3142; x_wconf 79' lang='lat' dir='ltr'>christianos</span> <span class='ocrx_word' id='word_1_289' title='bbox 715 3079 771 3155; x_wconf 90' lang='lat' dir='ltr'>ipsi</span> <span class='ocrx_word' id='word_1_290' title='bbox 788 3091 816 3133; x_wconf 86' lang='lat' dir='ltr'>ct</span> <span class='ocrx_word' id='word_1_291' title='bbox 835 3080 1046 3146; x_wconf 77' lang='lat' dir='ltr'>antichristiani</span> <span class='ocrx_word' id='word_1_292' title='bbox 1060 3085 1193 3145; x_wconf 77' lang='lat' dir='ltr'>scienter</span> 
     </span>
     <span class='ocr_line' id='line_1_32' title="bbox 133 3168 1191 3253; baseline -0.001 -25"><span class='ocrx_word' id='word_1_293' title='bbox 133 3174 263 3246; x_wconf 80' lang='lat' dir='ltr'>jecerint</span> <span class='ocrx_word' id='word_1_294' title='bbox 282 3171 404 3251; x_wconf 83' lang='lat' dir='ltr'>lapidem</span> <span class='ocrx_word' id='word_1_295' title='bbox 422 3185 559 3237; x_wconf 84' lang='lat' dir='ltr'>sursum,</span> <span class='ocrx_word' id='word_1_296' title='bbox 578 3168 629 3240; x_wconf 89' lang='lat' dir='ltr'>qui</span> <span class='ocrx_word' id='word_1_297' title='bbox 648 3168 756 3253; x_wconf 82' lang='lat' dir='ltr'>recidat</span> <span class='ocrx_word' id='word_1_298' title='bbox 773 3170 801 3231; x_wconf 85' lang='lat' dir='ltr'>in</span> <span class='ocrx_word' id='word_1_299' title='bbox 819 3181 907 3239; x_wconf 80' lang='lat' dir='ltr'>caput</span> <span class='ocrx_word' id='word_1_300' title='bbox 922 3170 1076 3241; x_wconf 84' lang='lat' dir='ltr'>ipsorum,</span> <span class='ocrx_word' id='word_1_301' title='bbox 1093 3174 1191 3236; x_wconf 75' lang='lat' dir='ltr'>ferant</span> 
     </span>
     <span class='ocr_line' id='line_1_33' title="bbox 137 3259 1187 3346; baseline -0.002 -28"><span class='ocrx_word' id='word_1_302' title='bbox 137 3279 265 3346; x_wconf 83' lang='lat' dir='ltr'>poenum</span> <span class='ocrx_word' id='word_1_303' title='bbox 289 3259 412 3314; x_wconf 82' lang='lat' dir='ltr'>secundi</span> <span class='ocrx_word' id='word_1_304' title='bbox 439 3259 596 3341; x_wconf 86' lang='lat' dir='ltr'>praecepti.</span> <span class='ocrx_word' id='word_1_305' title='bbox 633 3259 811 3333; x_wconf 79' lang='lat' dir='ltr'>Quanquam</span> <span class='ocrx_word' id='word_1_306' title='bbox 839 3277 895 3313; x_wconf 89' lang='lat' dir='ltr'>nec</span> <span class='ocrx_word' id='word_1_307' title='bbox 924 3260 978 3324; x_wconf 82' lang='lat' dir='ltr'>ista</span> <span class='ocrx_word' id='word_1_308' title='bbox 1007 3263 1072 3324; x_wconf 77' lang='lat' dir='ltr'>sola</span> <span class='ocrx_word' id='word_1_309' title='bbox 1100 3275 1187 3331; x_wconf 89' lang='lat' dir='ltr'>suot,</span> 
     </span>
     <span class='ocr_line' id='line_1_34' title="bbox 136 3349 1188 3430; baseline -0.003 -24"><span class='ocrx_word' id='word_1_310' title='bbox 136 3370 213 3425; x_wconf 73' lang='lat' dir='ltr'>quiae</span> <span class='ocrx_word' id='word_1_311' title='bbox 232 3369 280 3415; x_wconf 84' lang='lat' dir='ltr'>me</span> <span class='ocrx_word' id='word_1_312' title='bbox 299 3360 437 3415; x_wconf 74' lang='lat' dir='ltr'>arroserit,</span> <span class='ocrx_word' id='word_1_313' title='bbox 452 3350 486 3410; x_wconf 83' lang='lat'>¹²)</span> <span class='ocrx_word' id='word_1_314' title='bbox 504 3365 560 3403; x_wconf 89' lang='lat' dir='ltr'>nec</span> <span class='ocrx_word' id='word_1_315' title='bbox 578 3350 675 3415; x_wconf 81' lang='lat' dir='ltr'>omnia</span> <span class='ocrx_word' id='word_1_316' title='bbox 694 3350 763 3410; x_wconf 80' lang='lat' dir='ltr'>=volo</span> <span class='ocrx_word' id='word_1_317' title='bbox 782 3349 925 3430; x_wconf 84' lang='lat' dir='ltr'>prodere,</span> <span class='ocrx_word' id='word_1_318' title='bbox 944 3367 980 3403; x_wconf 89' lang='lat' dir='ltr'>ne</span> <span class='ocrx_word' id='word_1_319' title='bbox 998 3368 1056 3422; x_wconf 81' lang='lat' dir='ltr'>qua</span> <span class='ocrx_word' id='word_1_320' title='bbox 1074 3367 1188 3426; x_wconf 82' lang='lat' dir='ltr'>peruia.</span> 
     </span>
     <span class='ocr_line' id='line_1_35' title="bbox 136 3438 1188 3513; baseline 0 -20"><span class='ocrx_word' id='word_1_321' title='bbox 136 3438 259 3508; x_wconf 69' lang='lat' dir='ltr'>pentss)</span> <span class='ocrx_word' id='word_1_322' title='bbox 276 3440 312 3493; x_wconf 88' lang='lat' dir='ltr'>nd</span> <span class='ocrx_word' id='word_1_323' title='bbox 330 3439 393 3493; x_wconf 90' lang='lat' dir='ltr'>illos</span> <span class='ocrx_word' id='word_1_324' title='bbox 409 3439 559 3513; x_wconf 73' lang='lat' dir='ltr'>pessimos¹</span> <span class='ocrx_word' id='word_1_325' title='bbox 574 3441 691 3498; x_wconf 85' lang='lat' dir='ltr'>Satanae</span> <span class='ocrx_word' id='word_1_326' title='bbox 704 3455 826 3505; x_wconf 83' lang='lat' dir='ltr'>servos,</span> <span class='ocrx_word' id='word_1_327' title='bbox 844 3456 922 3509; x_wconf 82' lang='lat' dir='ltr'>qnos</span> <span class='ocrx_word' id='word_1_328' title='bbox 935 3441 1058 3510; x_wconf 84' lang='lat' dir='ltr'>expedit</span> <span class='ocrx_word' id='word_1_329' title='bbox 1069 3438 1188 3503; x_wconf 78' lang='lat' dir='ltr'>Ceiiiioa</span> 
     </span>
     <span class='ocr_line' id='line_1_36' title="bbox 136 3529 1189 3615; baseline -0.002 -28"><span class='ocrx_word' id='word_1_330' title='bbox 136 3549 232 3611; x_wconf 74' lang='lat' dir='ltr'>poena</span> <span class='ocrx_word' id='word_1_331' title='bbox 249 3547 318 3593; x_wconf 80' lang='lat' dir='ltr'>esse</span> <span class='ocrx_word' id='word_1_332' title='bbox 335 3530 508 3601; x_wconf 77' lang='lat' dir='ltr'>insignitos,</span> <span class='ocrx_word' id='word_1_333' title='bbox 534 3529 648 3596; x_wconf 75' lang='lat' dir='ltr'>scilicet</span> <span class='ocrx_word' id='word_1_334' title='bbox 669 3539 751 3594; x_wconf 77' lang='lat' dir='ltr'>metu</span> <span class='ocrx_word' id='word_1_335' title='bbox 775 3539 804 3594; x_wconf 83' lang='lat' dir='ltr'>et</span> <span class='ocrx_word' id='word_1_336' title='bbox 819 3546 947 3611; x_wconf 76' lang='lat' dir='ltr'>pavore,</span> <span class='ocrx_word' id='word_1_337' title='bbox 972 3529 1053 3595; x_wconf 81' lang='lat' dir='ltr'>sicut</span> <span class='ocrx_word' id='word_1_338' title='bbox 1067 3543 1189 3615; x_wconf 77' lang='lat' dir='ltr'>oportet</span> 
     </span>
    </p>
   </div>
   <div class='ocr_carea' id='block_1_7' title="bbox 136 3681 660 3707">
    <p class='ocr_par' dir='ltr' id='par_1_7' title="bbox 136 3681 660 3707">
     <span class='ocr_line' id='line_1_37' title="bbox 136 3681 660 3707; baseline -0.008 0"><span class='ocrx_word' id='word_1_339' title='bbox 136 3681 660 3707; x_wconf 48' lang='grc' dir='ltr'><strong>ι--ε--ι--Ὗ--υ-</strong></span> 
     </span>
    </p>
   </div>
   <div class='ocr_carea' id='block_1_8' title="bbox 134 3769 1187 4060">
    <p class='ocr_par' dir='ltr' id='par_1_8' title="bbox 134 3769 1187 4060">
     <span class='ocr_line' id='line_1_38' title="bbox 186 3769 1187 3828; baseline 0.008 -12"><span class='ocrx_word' id='word_1_340' title='bbox 186 3769 275 3824; x_wconf 72' lang='lat' dir='ltr'>tillr</span> <span class='ocrx_word' id='word_1_341' title='bbox 287 3769 403 3827; x_wconf 85' lang='lat' dir='ltr'>sequitur</span> <span class='ocrx_word' id='word_1_342' title='bbox 438 3769 531 3826; x_wconf 58' lang='lat' dir='ltr'>&gt;lists</span> <span class='ocrx_word' id='word_1_343' title='bbox 545 3781 594 3816; x_wconf 88' lang='lat' dir='ltr'>rur</span> <span class='ocrx_word' id='word_1_344' title='bbox 631 3769 722 3823; x_wconf 74' lang='lat' dir='ltr'>sisic</span> <span class='ocrx_word' id='word_1_345' title='bbox 735 3769 812 3828; x_wconf 89' lang='lat' dir='ltr'>prior</span> <span class='ocrx_word' id='word_1_346' title='bbox 852 3773 993 3823; x_wconf 64' lang='lat' dir='ltr'>mindi.</span> <span class='ocrx_word' id='word_1_347' title='bbox 1029 3774 1187 3824; x_wconf 35' lang='lat' dir='ltr'>sistrmltie</span> 
     </span>
     <span class='ocr_line' id='line_1_39' title="bbox 135 3841 1186 3904; baseline 0.006 -16"><span class='ocrx_word' id='word_1_348' title='bbox 135 3843 228 3894; x_wconf 72' lang='lat' dir='ltr'>sistr.</span> <span class='ocrx_word' id='word_1_349' title='bbox 241 3844 395 3898; x_wconf 72' lang='lat' dir='ltr'>mortiterum.</span> <span class='ocrx_word' id='word_1_350' title='bbox 443 3842 532 3893; x_wconf 69' lang='lat' dir='ltr'>listr.</span> <span class='ocrx_word' id='word_1_351' title='bbox 547 3841 697 3892; x_wconf 83' lang='lat' dir='ltr'>dehortatur.</span> <span class='ocrx_word' id='word_1_352' title='bbox 744 3846 768 3903; x_wconf 79' lang='lat' dir='ltr'>s&gt;</span> <span class='ocrx_word' id='word_1_353' title='bbox 784 3843 838 3890; x_wconf 86' lang='lat' dir='ltr'>Str.</span> <span class='ocrx_word' id='word_1_354' title='bbox 852 3856 915 3891; x_wconf 84' lang='lat' dir='ltr'>suas.</span> <span class='ocrx_word' id='word_1_355' title='bbox 964 3848 986 3898; x_wconf 82' lang='grc'>9)</span> <span class='ocrx_word' id='word_1_356' title='bbox 1004 3846 1059 3892; x_wconf 81' lang='lat' dir='ltr'>Str.</span> <span class='ocrx_word' id='word_1_357' title='bbox 1073 3847 1186 3904; x_wconf 77' lang='lat' dir='ltr'>deponat</span> 
     </span>
     <span class='ocr_line' id='line_1_40' title="bbox 135 3898 1186 4013; baseline -0.002 -46"><span class='ocrx_word' id='word_1_358' title='bbox 135 3898 384 3971; x_wconf 63' lang='lat' dir='ltr'>instet-idest</span> <span class='ocrx_word' id='word_1_359' title='bbox 435 3915 605 3965; x_wconf 33' lang='lat' dir='ltr'>lilsslrwlum</span> <span class='ocrx_word' id='word_1_360' title='bbox 656 3914 1186 4013; x_wconf 65' lang='lat' dir='ltr'>llihurihtttatlpsasolapuaenppepl.</span> 
     </span>
     <span class='ocr_line' id='line_1_41' title="bbox 134 3987 847 4060; baseline -0.008 -19"><span class='ocrx_word' id='word_1_361' title='bbox 134 3996 170 4052; x_wconf 75' lang='lat' dir='ltr'>lsi</span> <span class='ocrx_word' id='word_1_362' title='bbox 184 3993 239 4048; x_wconf 69' lang='lat' dir='ltr'>Str.</span> <span class='ocrx_word' id='word_1_363' title='bbox 251 3988 389 4060; x_wconf 70' lang='lat' dir='ltr'>permanetj</span> <span class='ocrx_word' id='word_1_364' title='bbox 409 3987 469 4045; x_wconf 65' lang='lat' dir='ltr'>&amp;da</span> <span class='ocrx_word' id='word_1_365' title='bbox 483 3989 647 4050; x_wconf 77' lang='grc' dir='ltr'><strong>ιειιιιιιιιιιιῑ,</strong></span> <span class='ocrx_word' id='word_1_366' title='bbox 842 4009 847 4018; x_wconf 89' lang='grc'>·</span> 
     </span>
    </p>
   </div>
   <div class='ocr_carea' id='block_1_9' title="bbox 0 0 1370 4724">
    <p class='ocr_par' dir='ltr' id='par_1_9' title="bbox 0 0 1370 4724">
     <span class='ocr_line' id='line_1_42' title="bbox 0 0 1370 4724; baseline 0 4"><span class='ocrx_word' id='word_1_367' title='bbox 0 0 1370 4724; x_wconf 95' lang='lat' dir='ltr'> </span> 
     </span>
    </p>
   </div>
  </div>
 </body>
</html>
