2616 4710
456 333 546 405 rsa.
744 345 747 351 ¹
962 330 1057 422 ssa„

116 494 260 566 primam,
284 493 336 548 sed
360 506 483 566 propter
508 494 686 563 secundam,
711 493 842 560 scilicet,
870 491 949 563 quod
975 490 1023 545 ille

105 602 135 653 a,
161 584 211 637 hic
233 602 309 639 vero
332 587 481 640 avaritiam
501 597 631 660 taxarat,
657 600 726 639 curn
744 584 881 656 Apostoli
899 594 927 637 et
944 575 1024 636 deiru

105 683 212 742 trtyres
229 685 354 746 propter
370 673 498 728 tabulam
523 675 647 744 primam
673 674 731 729 siat
754 668 863 727 occisi:
890 673 966 726 forte
992 680 1024 726 et

104 779 188 817 emur
203 780 264 818 non
283 774 408 835 propter
424 763 553 818 tabulam
571 766 696 835 primam
705 803 714 831 ,
732 779 820 835 quam
833 763 872 816 illi
887 761 987 816 volunt
995 759 1023 822 ¹)

105 868 126 905 u
144 852 298 919 confiteri,
316 855 368 906 sed
386 865 509 924 propter
526 855 705 919 secundam,
724 869 781 924 qua
799 853 905 906 nolunt
921 867 1024 923 repre.

104 941 156 994 Sed
173 951 203 995 tu
220 952 285 996 esto
303 942 329 1005 ²)
350 941 453 1007 fortis,
474 952 504 997 et
520 938 551 1009 ³)
577 941 702 1012 perdura
719 952 821 996 contra
839 941 912 998 istus
926 955 1022 995 voces

105 1041 117 1084 t
141 1031 166 1086 si
190 1048 247 1102 qua
268 1031 333 1086 alia.
368 1031 447 1086 Nam
464 1033 519 1087 ista
535 1031 676 1086 dicuntur
691 1028 827 1099 abistis,
853 1031 903 1104 qui
919 1040 1023 1086 nostro

104 1130 177 1175 stant
194 1137 262 1176 esse
279 1121 426 1190 humana,
445 1135 506 1193 quo
517 1119 714 1190 confitentur,
731 1136 766 1175 se
781 1136 879 1192 neque
895 1121 1021 1193 primam

104 1209 238 1266 ecundam
253 1210 381 1265 tabulam
395 1208 499 1265 colere
511 1222 560 1265 aut
572 1226 688 1265 curare.
721 1209 788 1265 Erit
799 1219 896 1264 autem
908 1209 1021 1266 Nurm.

103 1301 312 1371 urpissimutn,
337 1301 361 1354 si
381 1303 457 1355 sarna
475 1311 503 1354 et
521 1300 585 1354 libri
604 1288 798 1370 spargentur,
824 1300 903 1372 quod
921 1299 1021 1354 Earn.

110 1391 191 1463 quod
208 1390 338 1446 confessi
357 1401 444 1456 sunt,
462 1406 517 1461 pro
534 1390 628 1444 verbo
647 1390 776 1444 humano
788 1387 931 1456 habeant,
949 1407 1020 1445 cum

103 1497 145 1535 tes
162 1480 286 1534 verbum
303 1479 465 1533 humanum
489 1490 533 1533 tot
558 1478 700 1548 agonibus
726 1479 954 1551 exploseriruus.
988 1480 1019 1534 Si

103 1577 112 1632 t
137 1587 192 1640 pro
211 1568 306 1625 verbo
324 1569 383 1628 Dei
401 1566 529 1635 habent,
556 1570 650 1622 multo
667 1569 780 1639 turpius
798 1580 856 1637 est,
882 1584 935 1623 eos
955 1568 1019 1623 hoc

104 1671 125 1714 rt
142 1659 504 1725 excommunicationem,
525 1675 600 1727 quse
619 1656 742 1711 verbum
758 1657 818 1712 Dei
837 1669 898 1722 est,
923 1674 1018 1713 excu-

111 1749 262 1803 miuistros
275 1746 358 1801 verbi
372 1746 431 1800 Dei
446 1756 614 1800 contemtos
628 1747 696 1799 odio
708 1745 847 1814 habeant,
861 1761 891 1802 et
901 1747 1016 1815 Deum,

103 1839 203 1893 infessi
223 1848 290 1892 sunt
300 1877 309 1905 ,
328 1847 387 1891 tam
404 1837 548 1889 scelerate
566 1837 592 1889 in
612 1836 672 1889 suis
690 1837 828 1891 ministris
846 1834 925 1905 &full
939 1837 1017 1892 blas.

103 1948 116 1982 s
149 1931 248 1999 Atque
266 1925 327 1980 hoc
344 1925 451 1993 velim,
475 1933 507 1977 ut
525 1924 675 1979 intervos
694 1927 865 1994 conferatis,
882 1920 913 1996 ⁵)
939 1939 968 1982 et
985 1926 1017 1982 in

107 2017 179 2071 bner
196 2025 226 2070 et
238 2015 452 2082 Bautngartner
461 2005 489 2079 ⁶)
506 2014 698 2082 loqueremini
711 2030 766 2070 vos
778 2015 914 2071 ministri.
949 2011 1016 2087 Ego

102 2106 131 2160 lo
149 2106 307 2160 duraturos
324 2114 374 2156 aut
391 2102 578 2172 pervicturos
598 2118 665 2157 esse
688 2102 814 2158 istorum
838 2120 1014 2174 sermones,

102 2214 108 2249 r
134 2194 325 2250 tentationem
348 2202 452 2246 contra
477 2191 616 2263 Spiritum
642 2203 795 2257 sanctum,
820 2210 874 2249 seu
897 2196 1015 2250 tertiam

102 2300 165 2338 tem.
200 2280 343 2353 Alioquin
361 2291 460 2334 actum
478 2289 559 2334 esset
574 2279 611 2333 de
628 2278 831 2352 Nurrnberga‚
859 2284 928 2355 quia
952 2285 1015 2339 hoc

102 2374 235 2429 atristare
254 2369 393 2443 Spiritum
410 2379 563 2437 sanctum,
589 2379 618 2423 et
635 2371 754 2426 tandem
771 2374 960 2442 cogitandum
977 2375 1015 2429 de

102 2481 114 2518 e
132 2464 185 2518 ists
202 2460 383 2516 deserenda.¹
408 2458 473 2512 Sed
488 2473 641 2513 curamus
657 2457 873 2532 Babylonem,
898 2471 929 2517 et
947 2479 1013 2519 uon

102 2561 165 2621 ata,
191 2552 412 2624 relinquamus
429 2541 457 2614 ⁷)
480 2565 560 2602 eom.
595 2551 688 2620 Spero
712 2560 809 2607 tamen
826 2554 963 2621 meliora,
988 2554 1013 2610 si

101 2645 170 2698 entia
188 2654 217 2696 et
235 2639 468 2695 mansuetudinis
492 2638 586 2692 verbo
608 2654 665 2693 eos
685 2639 812 2710 primum
834 2642 1012 2710 tractabitis,

101 2734 208 2787 rlorum
225 2728 444 2784 admonueritis.
478 2725 568 2801 Quod
585 2717 615 2793 l)
642 2727 667 2781 ei
688 2742 754 2781 mea
778 2745 899 2802 quoque
922 2748 1014 2804 opera

117 2822 174 2876 hac
193 2836 225 2875 re
244 2834 321 2890 opus
339 2827 401 2882 cst,
420 2815 466 2868 vel
485 2815 520 2869 ad
535 2814 672 2869 Senatum
688 2815 735 2870 vel
754 2815 790 2870 ad
806 2819 920 2888 aliquos
938 2821 1014 2895 scri.

103 2920 199 2966 aratus
212 2923 289 2963 sum.
323 2905 455 2960 Tantum
474 2917 504 2958 tu
524 2915 552 2958 te
570 2921 629 2958 non
647 2904 786 2960 coniicias
803 2909 899 2973 curis,
919 2918 948 2963 et
960 2893 1020 2963 co.¹

101 3001 230 3054 uodecim
248 3013 316 3052 esse
338 2997 428 3049 horas
447 2994 515 3048 diei.
549 2993 694 3048 Nondum
719 2997 827 3066 credq,
854 3014 958 3054 omnes
981 3000 1012 3055 iu

101 3105 161 3144 esse
184 3089 266 3142 tales.
300 3084 447 3138 Audimus
471 3093 499 3136 et
524 3079 575 3135 hic
602 3082 692 3136 rnrtlta
715 3099 731 3137 a
752 3083 932 3154 Nobilibus,
957 3089 1042 3144 sed)

115 3197 175 3234 aon
202 3187 247 3232 est
271 3185 403 3247 potestas
429 3172 552 3226 faciendi
575 3170 683 3244 ubique
705 3190 763 3244 pro
784 3174 912 3232 libidine.
945 3177 1011 3234 Etsi

100 3280 137 3336 st,
155 3284 226 3335 eos,
244 3266 294 3337 qui
314 3266 342 3318 in
360 3263 459 3334 politia
477 3271 559 3325 suat,
578 3277 697 3333 semper
713 3263 773 3317 lere
791 3263 895 3320 hostes
906 3267 1009 3334 fuisse,
1074 3255 1078 3261 ¹
1129 3294 1133 3301 ·

101 3370 130 3414 et
146 3368 248 3422 erunt,
266 3355 437 3416 Ecclesiae,
455 3351 566 3404 etiamsi
586 3352 683 3420 politia
701 3353 756 3408 ista
773 3358 811 3409 sit
828 3355 1011 3424 hierarchia,

101 3451 109 3504 i
127 3450 270 3521 plurimos
295 3444 407 3510 malos,
431 3452 529 3495 tamen
547 3457 660 3512 paucos
677 3441 773 3497 bonos
791 3442 890 3500 habet.
926 3446 1011 3504 Idem

117 3537 311 3601 oeconomia,
328 3535 395 3605 quia
413 3532 499 3586 Deus
518 3531 660 3584 mundum
678 3523 799 3600 abjecit,
819 3546 848 3589 et
859 3535 1009 3595 decimum

100 3648 108 3682 1
121 3630 173 3683 vix
186 3628 289 3681 retinet
300 3625 353 3690 ,¹0)
371 3633 485 3675 caetera
499 3631 585 3673 vorat
596 3621 632 3684 ¹¹)
645 3621 783 3693 princeps
796 3626 911 3692 mundi,
928 3627 1009 3698 quod

100 3724 484 3746 .......------

105 3777 266 3832 mammeri.
307 3778 329 3827 2)
342 3776 501 3825 A.†tamen.
546 3773 569 3823 3)
582 3775 611 3816 A.
625 3783 661 3817 ac.
703 3747 879 3823 aennon(
911 3780 1008 3832 wib.

104 3855 186 3907 ,cunr
205 3852 338 3896 intervos.
401 3849 422 3899 ⁶)
442 3850 470 3893 A.
489 3854 535 3892 nur
554 3844 659 3894 belli.
719 3848 821 3898 ι’)δώ.
839 3850 1007 3910 relinquemus.

99 3927 126 3971 ω,
176 3929 197 3976 u)
212 3928 239 3968 A.
254 3925 268 3974 t
283 3922 392 3974 suerunt,
407 3921 469 3963 sunt.
519 3920 551 3970 to)
565 3915 626 3969 &tb-
639 3917 704 3964 dumi
718 3917 840 3976 leprosam
851 3922 893 3969 vix
904 3927 1004 3985 recepit.

99 4004 160 4047 ocul.
