2730 4724
639 375 730 448 ests.
1147 363 1211 437 2ll·

215 531 247 588 Si
272 541 371 589 autem
395 523 608 590 Vestra‘cels.
634 531 672 590 ab
697 533 846 606 impudica
869 532 931 590 vita
953 549 1014 589 non
1046 528 1209 598 abstineat,

150 622 234 694 quod
251 618 337 692 dicit,
354 622 410 680 stoi
426 623 630 696 impossihile,
647 636 835 697 optaremus,
853 611 1082 695 Cels.'Vestram
1101 619 1129 674 in
1148 625 1212 671 me:

149 711 218 768 liori
244 725 323 769 statu
345 731 414 769 esse
432 730 533 769 coram
550 714 621 770 Deo
647 727 678 770 et
695 700 800 770 secura
823 714 1006 769 conscientia
1026 711 1147 776 vivere,
1172 707 1211 763 ad

150 804 292 876 propriae
317 805 430 858 animae
453 805 579 881 salutem
603 816 634 859 et
658 806 801 859 ditionum
827 821 862 857 ac
886 803 1071 858 subditorum
1096 798 1212 855 emolu.

150 907 297 948 mentum.
340 893 458 966 Quodsi
491 894 620 966 denique
644 893 752 948 Vestra
775 895 853 948 Cels.
881 894 1004 947 omuino
1027 888 1211 944 concluserit

151 983 250 1037 adhuc
266 997 354 1036 unam
373 983 532 1052 conjugem
550 985 678 1049 ducem,
693 984 829 1054 juramus
847 983 875 1037 id
896 992 1012 1037 secreto
1031 978 1210 1046 faciendum,

151 1071 194 1128 uti
206 1075 345 1144 superius
357 1073 393 1126 de
405 1072 623 1144 dispensatione
635 1073 765 1141 dictum,
783 1089 891 1144 nempe
909 1083 942 1126 ut
957 1081 1071 1126 tantum
1083 1069 1211 1127 Vestrae

150 1161 248 1228 Cels,
271 1148 313 1214 illi
331 1178 475 1230 personae
499 1176 534 1216 ac
552 1163 654 1232 paucis
675 1163 813 1233 personis
840 1161 973 1216 fidelibus
998 1168 1114 1214 constet
1131 1157 1213 1213 Cels.

150 1251 275 1306 Vestrae
299 1253 413 1306 animus
438 1263 468 1307 et
490 1252 673 1308 conscientia
690 1252 746 1307 sub
771 1252 867 1322 sigillo
886 1249 1099 1305 confessionis.
1131 1248 1212 1303 Hinc

150 1357 214 1396 non
231 1353 399 1412 sequuntur
415 1342 541 1411 alicujus
556 1343 701 1396 momenti
717 1342 969 1396 contradictiones
992 1351 1041 1394 aut
1058 1337 1211 1402 scandulas

152 1431 229 1487 nihil
242 1431 320 1485 enim
339 1441 386 1485 est
402 1431 549 1499 inusitati,
565 1430 724 1503 Principes
744 1431 929 1486 concubinas
947 1430 1041 1485 alere:
1059 1440 1087 1483 et
1107 1443 1211 1498 quam.

151 1523 200 1577 vis
216 1537 279 1576 non
297 1519 436 1576 omnibus
455 1538 471 1574 e
489 1520 575 1591 plebe
593 1531 744 1576 constaret
761 1522 854 1588 ratio,
878 1532 975 1576 tamen
1001 1518 1218 1590 prudentiores.

152 1610 367 1678 intelligerent,
393 1621 423 1664 et
445 1611 537 1680 magis
561 1610 689 1681 placeret
712 1608 956 1683 haec-modesta
971 1609 1088 1664 vivendi
1115 1607 1211 1675 ratio,

154 1716 244 1773 quam
263 1699 440 1754 adulterium
456 1709 486 1754 et
503 1698 549 1754 alii
561 1699 680 1754 belluini
699 1709 728 1754 et
746 1699 883 1771 impudici
896 1709 995 1753 actus:
1013 1715 1070 1752 nec
1086 1696 1211 1753 curandi

153 1791 281 1849 aliorum
299 1804 473 1855 sermones,
492 1789 517 1844 si
535 1802 616 1844 recte
634 1806 704 1844 cum
722 1789 899 1845 conscientia
917 1801 1038 1862 agatur,
1061 1789 1106 1843 sic
1129 1797 1158 1842 et
1180 1788 1213 1843 iu

152 1888 267 1941 tantum
283 1878 346 1934 buc
363 1879 572 1951 approbamus·
1215 1888 1218 1893 '

212 2014 301 2072 ‘Nam
321 2015 499 2088 quodcirca
514 2014 738 2072 matrimonium
755 2014 784 2070 in
801 2013 866 2086 lege
884 2011 985 2072 Mosis
1008 2015 1062 2071 tuit
1085 1998 1223 2095 permis.'

154 2122 242 2175 sum,
261 2096 455 2174 Evangelium
472 2120 533 2160 non
552 2107 673 2160 revocat
690 2114 741 2160 aut·
755 2116 851 2171 vetat,
866 2106 947 2177 quod
966 2116 1124 2161 externum
1137 2100 1225 2176 re‘gi.¹

154 2212 226 2251 men
249 2212 313 2251 nou
333 2195 484 2263 immutat,
508 2194 561 2249 sed
583 2191 674 2248 adfert
691 2196 836 2249 aeternam
849 2194 995 2264 justitiam
1013 2194 1048 2249 ad
1065 2198 1227 2252 aetemam'

155 2284 267 2352 vitam,
291 2293 321 2338 et
342 2284 457 2340 orditur
473 2299 577 2339 aeram
592 2283 790 2339 obedientiam
810 2301 878 2354 erga
895 2284 1014 2354 Deum,
1040 2294 1070 2342 et
1087 2262 1225 2342 'conatur'

156 2383 332 2446 corruptam
357 2384 490 2429 naturam
513 2389 659 2445 reparare.
691 2372 786 2429 Habet
804 2374 905 2444 ‘itaque
927 2375 1006 2430 Cels.
1024 2375 1127 2430 Vestra
1151 2392 1215 2431 non
1242 2365 1253 2371 ‘⁶

154 2476 273 2520 tsntum
290 2465 424 2519 omnium
441 2475 575 2519 nostrum
592 2463 795 2519 testimonium
812 2464 841 2517 in
853 2479 924 2518 casu
936 2466 1142 2534 necessitatis,
1159 2463 1216 2521 sed

157 2557 247 2610 etiam
272 2555 481 2608 antecedentes
507 2564 625 2608 nostras
649 2554 916 2621 considerationes,
942 2571 1032 2625 quas,
1058 2571 1214 2624 rogamus,

158 2656 193 2700 ut
209 2642 315 2699 Vestra
329 2644 408 2699 Cels.
426 2656 576 2714 tamquam
593 2643 744 2712 laudatus,
762 2646 879 2714 sapiens
892 2654 921 2698 et
937 2645 1115 2698 christianus
1129 2644 1216 2698 Prin.

158 2749 236 2806 ceps
252 2733 323 2789 velit
340 2733 514 2806 pondemre.
548 2732 677 2787 Oramus
702 2749 825 2804 quoque
851 2733 970 2799 Deum,
996 2743 1029 2786 ut
1044 2732 1116 2787 velit
1132 2733 1216 2789 Cels.

157 2823 297 2879 Vestram
323 2824 434 2878 ducere
457 2839 492 2877 ac
518 2838 620 2892 regere
644 2822 680 2877 ad
702 2837 787 2878 suam
808 2821 925 2876 laudem
946 2833 976 2876 et
993 2820 1115 2877 Vestrae
1131 2821 1214 2878 Cels.
1267 2850 1269 2854 ⁴

157 2915 273 2971 animas
290 2914 425 2970 salutem.
1222 2927 1225 2935 ’

226 3042 319 3119 Quod
344 3043 447 3098 attinet
471 3043 506 3096 ad
529 3041 688 3096 consilium
711 3040 791 3096 hanc
811 3058 875 3096 rem
892 3041 968 3113 aput
985 3041 1142 3097 Caesarem
1158 3053 1216 3096 tra.

158 3135 275 3204 ctandi,
300 3132 522 3200 existimamus,
550 3132 631 3185 illum
653 3131 828 3184 adulterium
854 3131 931 3186 inter
951 3132 1066 3185 minora
1090 3142 1216 3204 peccata

159 3239 334 3280 numerare:
356 3239 424 3278 nam
441 3238 622 3294 magnopere
640 3221 819 3288 verendum,
837 3220 917 3276 illum
935 3221 1097 3293 Papistica,
1115 3221 1216 3278 Ca'rdi.
1303 3218 1306 3223 ’

159 3313 275 3383 nalitia,
292 3312 410 3380 Italica,
427 3311 600 3383 Hispanica,
619 3311 789 3366 saracenica
804 3311 949 3366 imbutum
962 3310 1036 3380 fide,
1054 3329 1114 3367 non
1131 3327 1217 3367 cura.

159 3417 262 3460 turum
279 3403 403 3458 Vestrae
419 3402 498 3457 Cels.
516 3402 697 3473 postulatum
715 3401 791 3455 etin
809 3401 961 3474 proprium
979 3402 1217 3458 emolumentum

158 3495 245 3550 vanis
269 3491 369 3546 verbis
393 3500 644 3558 sustentaturum,
675 3490 754 3545 sicut
778 3491 983 3561 intelligimus,
1015 3490 1157 3562 perfidum
1180 3508 1217 3546 ac

158 3585 296 3639 fallacem
322 3573 420 3636 virum
447 3585 531 3648 esse,
559 3595 722 3650 moresque
752 3577 923 3635 Germanici
953 3579 1088 3636 oblitum.
1131 3580 1224 3639 videt

158 3672 241 3727 Cels.
252 3670 357 3725 Vestra
372 3671 451 3742 ipsa,
469 3669 550 3741 quod
567 3668 654 3723 nullis
668 3667 892 3723 necessitatibus
913 3667 1081 3724 christianis
1098 3671 1216 3727 sincere

159 3759 318 3816 consulit.'
335 3759 468 3816 Turcam
488 3759 556 3813 sinit
571 3750 834 3829 imperturbatum,
861 3761 972 3813 excitat
990 3758 1103 3813 tantuin
1120 3761 1221 3815 rebel.'

158 3852 259 3906 liones
271 3849 301 3902 in
315 3847 485 3914 Germania,
503 3859 536 3902 ut
552 3847 714 3918 potentiam
734 3847 950 3915 Burgundicam
968 3849 1079 3902 efferat.
1114 3850 1217 3924 Quam

159 3939 340 4010 optandum,
364 3950 395 3990 ut
419 3936 490 3989 nulli
515 3936 666 3990 christiani
686 3935 842 4006 Principes
860 3935 937 3990 illius
954 3936 1048 3992 infidis
1067 3939 1218 3995 machina.

158 4028 294 4084 tionibus
312 4041 345 4079 se
363 4027 517 4079 misceant.
552 4025 639 4079 Deus
657 4039 813 4079 conservet
829 4025 907 4082 Cels.
920 4025 1066 4091 Vestram.
1100 4025 1169 4085 Nos
1181 4029 1219 4091 ad

245 4119 317 4195 att.
344 4114 383 4183 V·
976 4119 1014 4183 16
