2730 4724
137 305 198 377 itt
397 352 400 357 -
615 305 706 379 till.

202 468 328 526 Gaudeo
345 477 374 524 te
393 468 549 525 liberatum
567 486 582 523 a
600 469 720 542 Creytio
744 478 893 541 tyranno,
918 478 952 526 et
975 477 1067 542 opto,
1087 466 1168 524 mtl'rttr

135 559 175 613 tit
197 558 246 628 qui
270 559 310 613 illi
331 559 489 614 successit.
529 558 595 628 Ego
613 575 733 630 quoque
749 559 837 613 video
856 559 1016 614 avaritiam
1038 556 1170 614 nobilitttit

135 661 203 702 esee
220 650 411 715 immensam,
428 650 478 718 qui
497 658 601 717 agunt,
621 660 652 703 ut
664 648 818 719 Principes
831 648 895 703 sint
907 649 1039 704 mendici
1051 650 1171 718 ipsorum,

134 737 191 807 ipsi
209 739 267 791 sint
283 737 443 809 Principis.
456 743 481 799 ¹)
516 739 662 814 Quemvis
675 739 703 792 in
716 737 855 793 omnibus
870 739 1033 794 ordinibus
1044 738 1174 793 hominm

135 827 223 882 inerit
241 826 358 882 avaritia
373 829 530 895 indomita,
551 832 590 882 ita
607 838 640 882 ut
655 829 716 882 hoc
733 828 831 899 ipsum
847 844 923 883 esse
939 845 1040 883 unum
1056 828 1174 897 deriguit

136 919 262 972 extremi
279 916 336 971 diei
347 916 419 972 mihi
433 919 517 972 valde
529 919 735 990 persuadeam,
752 917 836 989 quasi
850 918 990 974 mundus
1002 919 1033 973 in
1045 917 1124 973 nenio
1132 932 1176 971 suo

135 1015 166 1062 et
182 1007 285 1063 ultimo
303 1023 484 1078 paroxysmo
501 1007 624 1074 deliret,
648 1019 680 1062 et
696 1022 769 1063 mox
785 1008 825 1064 ait
842 1009 1024 1080 periturus,
1047 1022 1082 1064 ut
1100 1006 1177 1064 roten
1220 998 1222 1039 ²

93 1164 105 1181 Ι,
135 1099 270 1153 morituri
287 1098 416 1169 quidam.
450 1097 506 1153 Sed
525 1099 601 1153 haec
618 1097 698 1153 alias.

201 1243 289 1299 Nova
308 1246 397 1299 credo
416 1256 443 1299 te
461 1245 558 1321 omnia
575 1261 685 1313 nosse,
711 1241 863 1316 quomodo
885 1243 972 1316 Papa
997 1245 1178 1301 foedorum
1220 1280 1222 1313 ,

136 1329 239 1388 Turca
256 1333 369 1399 inierit,
387 1345 415 1388 et
427 1334 515 1390 Gallo
528 1346 558 1388 et
573 1333 713 1401 Venetis,
731 1332 893 1388 bellaturus
906 1343 1019 1389 contra
1031 1334 1178 1391 Caesium

137 1421 244 1478 Gallus
267 1435 385 1495 portum
409 1425 498 1479 maris
524 1424 603 1478 dedit
624 1423 843 1489 Barbarossae,
867 1424 1031 1493 praefecto
1048 1424 1180 1480 Turclctt

137 1514 254 1581 classis,
287 1517 337 1585 qni
364 1514 497 1569 aedificat
522 1513 561 1567 ibi
589 1514 728 1584 templum
754 1511 1019 1568 Malrometicum.
1064 1514 1094 1570 Ο
1119 1510 1181 1567 chri.

136 1602 346 1659 stianisslmunt
364 1606 480 1673 regern!
505 1621 524 1658 o
542 1603 759 1659 sanctissimum
780 1604 911 1672 patrem!
927 1603 955 1667 ²>
982 1620 1005 1657 o
1028 1602 1181 1659 catholicia-

138 1692 232 1747 simos
250 1694 398 1748 Venetos!
431 1690 489 1748 Ubi
506 1709 585 1747 nunc
603 1704 672 1747 eunt
688 1691 830 1764 pecuniae
852 1690 926 1744 illae
944 1691 1080 1747 infinitae
1095 1700 1183 1747 contra

138 1782 288 1852 Turcam,
306 1798 344 1838 rx
356 1784 466 1855 palliis,
484 1782 605 1850 annuis,
624 1778 906 1846 confessionalibue,
924 1779 1121 1851 indulgentiis
1135 1792 1182 1837 etc

139 1870 305 1926 collectae?
346 1871 464 1927 Scilicet
492 1888 546 1943 pro
577 1871 678 1924 Turca
706 1879 808 1924 contra
836 1868 1025 1926 christianos
1056 1871 1184 1926 nervine

136 1960 227 2014 Vides
251 1964 347 2033 itaque
371 1961 513 2015 tnundum
530 1961 694 2015 accelerare
710 1961 756 2014 sni
773 1959 874 2025 finem,
901 1971 932 2013 et
949 1970 984 2014 ut
1004 1958 1184 2032 philosophia

139 2053 222 2115 dicit,
247 2063 359 2129 motum
385 2053 545 2106 naturalem
569 2053 597 2105 in
621 2050 763 2122 principio
786 2050 965 2116 tardiorem,
991 2051 1024 2105 in
1043 2051 1101 2106 dne
1117 2050 1185 2106 velo-

139 2141 294 2196 cissimum
318 2157 395 2197 esse.
430 2142 486 2196 Sed
513 2143 588 2196 haec
611 2141 737 2195 sortasse
761 2141 888 2207 frustra,
913 2156 985 2194 cum
1011 2157 1056 2198 ex
1079 2142 1139 2198 aliia
1158 2156 1186 2196 et

139 2228 250 2285 habete
268 2232 375 2302 poesis.
408 2231 457 2286 Ex
477 2232 560 2302 spira
577 2231 732 2299 scribitur,
757 2229 928 2300 Principem
946 2241 1093 2288 nostrum
1109 2247 1187 2288 exce.

139 2331 223 2391 ptum
241 2335 256 2372 a
274 2321 401 2374 Caesare
418 2321 666 2386 clementissime,
690 2318 785 2374 missio
803 2319 829 2373 ei
847 2320 966 2374 obviarn
984 2320 1125 2377 Fridrico
1140 2321 1187 2377 Pa.

140 2410 247 2477 latino,
267 2426 335 2464 cum
348 2411 493 2480 primariis
507 2411 588 2463 aulae
601 2411 780 2477 Caesareae,
798 2409 951 2480 fuisseque
963 2427 1079 2484 pompa
1093 2410 1186 2482 insigni

140 2501 329 2568 deductum,
344 2511 373 2554 et
396 2500 560 2569 ingressum
585 2501 706 2555 urbem:
735 2500 819 2554 Deus
837 2499 886 2553 det
902 2501 1077 2558 feliciorem
1094 2502 1186 2568 linem,

139 2592 248 2644 Amen.
282 2589 347 2645 Alia
364 2589 452 2656 alias,
469 2590 518 2642 ubi
536 2591 617 2660 plura
635 2590 750 2654 sciero,
773 2589 819 2642 vet
838 2605 891 2660 per
906 2604 957 2642 me
976 2590 1079 2659 ipsum
1096 2604 1187 2647 coram

139 2695 309 2733 narravero.
340 2679 472 2735 Turcam
491 2678 591 2733 dicunt
608 2694 676 2732 esse
697 2685 864 2745 mortuum,
888 2686 916 2731 et
938 2676 1020 2734 filios
1043 2681 1082 2735 de
1106 2695 1187 2751 reguo

140 2782 305 2826 certaturos
325 2784 400 2824 esee.
434 2771 499 2824 lloc
517 2770 625 2824 utinam
644 2785 748 2823 verum
764 2768 819 2836 sit,
836 2783 903 2822 nam
915 2777 944 2821 et
954 2767 1021 2824 boc
1035 2771 1188 2844 pertineret

141 2861 277 2930 adsigna
301 2861 353 2914 alia
376 2861 476 2914 mundi
502 2875 574 2913 mox
599 2859 730 2928 perituri.
751 2858 834 2913 'Vale
853 2859 882 2912 itt
907 2858 1068 2931 DomIno,
1094 2863 1187 2935 quite

142 2950 279 3015 roboret,
306 2961 336 3004 et
359 2951 437 3004 hanc
458 2961 536 3004 tuam
554 2950 748 3020 captivitatem
767 2948 863 3003 carnis
881 2950 970 3003 faciat
987 2950 1042 3006 tibi
1060 2950 1186 3007 suavini-

141 3055 224 3093 tttum
243 3040 409 3111 paradisum
426 3039 537 3103 videri,
562 3041 627 3109 quia
650 3039 791 3093 voluntati
815 3039 879 3106 ejus
903 3038 982 3092 bene
1005 3041 1131 3110 placitae
1151 3042 1186 3095 in.

141 3129 236 3183 cervia
263 3129 292 3184 in
319 3129 373 3182 ista
401 3128 553 3183 iunctione
581 3128 758 3199 episcopali,
784 3129 891 3182 Arnen.
933 3127 1052 3185 Octava
1077 3128 1182 3195 Mani,

141 3215 322 3274 MDXLlV.
825 3214 828 3219 ’

613 3331 653 3387 Τ.
671 3330 713 3385 D.

734 3435 845 3492 deditus
864 3435 1017 3495 Martinus
1034 3439 1157 3497 Luther.

143 3801 668 3821 mm

190 3903 211 3950 tt
225 3899 284 4005 epi.
299 3899 436 3959 Principes,
449 3905 500 3951 ont
513 3903 579 3951 tinen
593 3903 675 3956 ittitrtt
685 3902 753 3955 eluit
766 3901 823 3957 nttt.
860 3903 884 3954 2)
898 3903 943 3958 {itti
951 3904 1065 3962 britium
1076 3907 1117 3960 loll
1126 3904 1182 3961 itit!

141 3984 226 4032 paren
240 3979 279 4027 t).
