2730 4724
647 310 738 381 1542.
1154 310 1217 383 stt

164 470 196 521 et
211 472 312 522 morte
327 463 415 522 nobie
439 483 505 523 aem
520 466 610 526 vitam
626 477 823 542 compararet.
855 469 1043 539 Morimur,
1066 468 1124 524 sed
1139 468 1218 525 viui·

163 569 255 622 mus,
280 565 312 609 ut
334 555 373 609 ait
388 555 510 614 Pauiua.
543 557 583 614 Et
599 559 676 615 bene
692 559 847 615 nobiccum
871 570 970 615 actum
987 569 1048 627 est,
1073 558 1143 613 dunt
1161 559 1218 615 tide

135 693 138 697 .
162 659 240 714 pora
253 644 286 705 in
304 644 395 701 fliium
412 647 473 702 Dei
489 647 705 707 obdormimus.
740 648 806 703 Hoc
824 659 870 705 εει
885 663 976 719 νοτε,
994 647 1148 725 meliorem
1165 647 1220 704 mi.

164 735 361 791 aericordiatn
385 748 465 792 tuam
490 753 558 794 eece
582 754 673 811 super
698 739 784 795 vitat.
826 737 947 813 Quanto
972 749 1059 806 aunt,
1088 754 1221 810 quaeso,

164 825 324 880 intervallo
342 826 378 882 ab
395 825 454 882 bac
470 828 563 899 gloria
581 839 611 882 et
627 828 832 884 consolatione
844 828 984 896 Turoae,
998 828 1107 884 Judaei
1124 838 1154 884 et
1170 827 1220 884 hia

164 913 289 987 pejores
312 917 459 988 papistae,
484 917 652 973 Cardinaies
677 919 769 974 iieinz
791 930 820 973 ει
840 918 965 986 Mune,
990 935 1067 990 quoa
1091 919 1222 989 oportuit

164 1007 286 1075 iugere,
304 1024 342 1062 ne
360 1008 494 1077 lugerent
510 1009 538 1063 in
556 1021 742 1081 perpetuum.
775 1007 844 1064 Noe
859 1007 1011 1065 modicum
1029 1010 1221 1065 contristatos

160 1097 302 1170 ‘excipiet
314 1098 513 1154 inenarrabilia
526 1099 644 1168 laetitia,
663 1099 797 1171 adquam
810 1110 857 1155 tua
867 1098 965 1156 Ketba
980 1110 1010 1156 et
1021 1117 1085 1156 maa
1097 1100 1223 1170 Magda-

166 1187 234 1243 iena
259 1204 329 1242 cum
345 1189 446 1243 multia
469 1189 532 1243 aliis
551 1205 607 1244 noa
625 1199 869 1263 prpeceueerunt,
894 1199 925 1244 et
946 1190 1075 1260 quotidie
1092 1207 1166 1257 nos,
1189 1199 1223 1249 ut
1320 1200 1324 1210 “

166 1292 345 1347 aequamur,
372 1290 498 1344 vocant,
523 1278 695 1347 hortantur,
720 1274 860 1334 alliciunt.
901 1276 986 1354 Quia·
1005 1279 1083 1334 enim
1103 1280 1222 1336 tandem

138 1384 229 1422 ·.non
256 1365 394 1438 fatigetur
408 1369 551 1424 monstris
575 1368 782 1440 exemplorum
805 1367 835 1424 in
850 1367 912 1424 boc
935 1367 1078 1425 aaecuio?
1111 1368 1141 1424 Si
1158 1384 1226 1427 sae.
1328 1367 1330 1375 ’

168 1457 272 1513 culum
285 1473 391 1513 acuon
408 1458 472 1531 ipae
483 1457 613 1514 infernus
625 1458 769 1514 malorum
782 1457 838 1513 dici
850 1457 953 1527 debet,
970 1457 1077 1530 quibua
1090 1469 1223 1515 nostram

169 1547 296 1603 animam
315 1558 344 1604 et
361 1557 557 1619 compactum
574 1547 708 1604 cruciant
725 1548 773 1605 isti
790 1548 959 1604 Sodomitae
976 1548 1042 1606 dica
1061 1557 1089 1604 et
1104 1558 1222 1606 ncotea.

168 1637 214 1694 Et
229 1649 263 1694 ut
287 1639 315 1694 in
334 1638 404 1695 Noc·
421 1639 532 1693 facturn
550 1637 672 1708 legimus
682 1626 696 1707 ,’
717 1637 892 1695 contristant
913 1636 1052 1709 Spiritum
1068 1648 1224 1709 sartorum,

167 1745 266 1800 oeque
291 1727 325 1783 ad
349 1729 558 1801 poenitentiam
583 1738 734 1783 creaturae
752 1728 865 1799 totius,
888 1743 964 1800 quae
985 1745 1044 1782 una
1062 1727 1223 1786 nobiscum

167 1819 259 1890 gemit
285 1817 527 1873 inenarrabilibus
545 1813 571 1883 ¹)
596 1816 753 1887 gemitibus
778 1832 834 1890 pro
858 1817 1042 1876 redemtione
1066 1817 1167 1874 ataui
1192 1827 1225 1875 ot

167 1918 362 1975 nostrorum,
388 1924 477 1980 quam
495 1905 667 1979 propediem
685 1905 823 1968 exaudiet
843 1905 911 1977 ille,
936 1907 988 1979 qui
1004 1909 1135 1978 gemitus.
1147 1907 1223 1966 ittoe

167 1997 227 2055 aoit
243 2009 273 2054 et
290 1997 442 2067 inteiligit,
466 2001 573 2052 Amen.

233 2103 335 2170 Haeo,
350 2112 381 2157 ut
397 2103 468 2158 nihii
481 2103 544 2174 jam
562 2102 640 2158 aliud
655 2117 780 2176 poaaum
797 2111 880 2159 certe
900 2101 1035 2164 turbatur
1050 2112 1101 2160 tua
1117 2120 1225 2175 cauea,

166 2193 304 2250 aot-ibere
320 2192 419 2259 uoiui,
436 2209 525 2264 quem
542 2209 603 2248 non
621 2191 724 2249 dubito
740 2191 917 2262 gravissimo
933 2194 1017 2249 luctu
1034 2193 1224 2273 oppreaeutu.

165 2283 242 2342 Mea
253 2283 352 2339 Ketha
368 2282 531 2338 exanimata
542 2283 605 2342 tuit.
637 2282 716 2338 Nam
734 2294 763 2339 ει
780 2283 856 2340 ttttua
873 2293 903 2338 et
914 2299 970 2339 aua
981 2284 1035 2346 tuit
1051 2302 1110 2340 una
1126 2286 1223 2342 aniana

165 2373 342 2431 unitissimo.
379 2373 528 2439 Oramus,
551 2380 583 2425 ut
599 2370 752 2428 Dominus
772 2387 891 2430 carnem
915 2381 994 2429 tuam
1020 2374 1108 2431 etiam
1132 2376 1223 2433 solari
1299 2424 1303 2444 ι

166 2465 251 2520 velit.
283 2463 363 2519 Nam
379 2462 501 2536 spiritua
518 2461 624 2529 babet,
641 2461 722 2533 quod
738 2456 880 2532 gaudeat,
897 2463 968 2519 dum
979 2464 1102 2535 cogitat,
1119 2467 1231 2522 mulie.-

167 2572 234 2612 rem
258 2564 391 2611 sanctam
413 2564 443 2607 et
459 2551 575 2612 beatam
601 2566 617 2607 a
641 2545 732 2608 l'atere
755 2563 807 2609 tuo
833 2553 862 2608 in
879 2553 998 2610 ooeium
1020 2565 1051 2611 et
1073 2565 1223 2615 aeternam

165 2630 259 2701 ritum
276 2654 426 2715 ereptam,
453 2642 488 2695 de
506 2658 564 2711 qua
582 2656 614 2694 re
631 2657 692 2696 non
710 2651 757 2696 eet
773 2640 913 2707 dubium,
937 2643 1006 2698 dnm
1023 2645 1066 2701 aio
1083 2646 1160 2718 piis,
1175 2647 1222 2704 oio

166 2734 278 2793 aanotie
295 2733 394 2788 verbio
418 2732 556 2787 confessa
574 2730 661 2786 iidem
683 2729 864 2786 obdormivit
887 2732 916 2788 in
936 2733 1002 2788 sinu
1019 2734 1140 2791 Christi.
1173 2735 1223 2792 Sic

166 2835 198 2881 et
209 2840 276 2880 mea
288 2822 342 2878 fitia
354 2820 554 2887 obdormivit,
571 2836 678 2889 magno
691 2828 721 2874 et
736 2820 825 2875 unico
837 2836 905 2876 meo
918 2822 1038 2877 solatio.
1070 2822 1222 2882 Domintta

163 2915 219 2988 qui
238 2922 267 2969 te
280 2928 383 2985 paraus
402 2922 448 2967 est
460 2909 626 2978 humiliari,
644 2909 761 2964 eoietur-
772 2918 802 2964 te
814 2925 951 2981 rursum,
969 2912 1015 2967 aio
1032 2920 1063 2967 et
1079 2913 1109 2968 in
1125 2923 1223 2971 aeter.

164 3021 257 3073 num,
273 3006 382 3062 Amen
415 3002 477 3060 Die
492 2999 659 3057 Natiuitatis
676 2992 805 3068 Christi,
823 3015 899 3056 enno
916 2999 1087 3072 MDXLII.

886 3105 928 3163 T.
946 3105 1000 3166 M.
1011 3104 1128 3164 Lutber
1144 3107 1187 3166 D.

197 3437 244 3499 26.
261 3438 456 3502 meraniae.
953 3438 1011 3496 Νι.
1028 3438 1185 3499 MMcnb

222 3653 226 3657 ,
291 3575 340 3645 iia
363 3573 482 3643 titire.
505 3572 666 3646 irriti·
688 3568 941 3651 &detritum
963 3573 1099 3654 uertat.
1130 3665 1133 3672 Ι

155 3717 204 3768 4ετ
216 3715 260 3771 tait
272 3715 318 3765 m
328 3716 401 3768 eain
413 3716 511 3769 zonano
530 3723 571 3767 rur
588 3711 732 3762 ntnnttdra
746 3713 844 3767 badum
863 3713 897 3760 int
914 3713 1024 3768 edum
1040 3714 1094 3765 itata
1112 3704 1161 3765 tta
1171 3715 1220 3767 tre

517 3789 590 3841 itiner
602 3786 727 3839 &duam
739 3787 878 3855 remmota..
971 3838 973 3841 .

193 4008 198 4019 ·
218 3987 240 4033 t>
263 3983 326 4034 &ab
337 4005 363 4019 -
374 3993 435 4040 gem.
450 3980 514 4029 inan.
