2730 4724
130 345 200 443 aas
524 368 527 373 ·
619 347 711 427 tato.

139 503 321 576 praeditum,
338 504 374 559 ad
390 504 630 576 gubernationem
640 503 796 561 Ecclesiae
808 518 898 569 auae,
916 511 1057 559 nostram
1071 516 1174 574 qnoque
1212 526 1214 579 ;

134 593 282 664 judicium
299 594 334 648 de
352 611 389 650 eo
407 595 463 650 sibi
481 594 636 665 significari
648 596 758 666 petivit.
792 594 929 649 Maxime
940 606 1042 649 autem
1057 603 1173 664 optamus
1210 604 1214 675 1·

138 683 285 740 Ecclesiis
311 683 423 739 Christi
450 685 567 756 practici
593 685 732 740 homines
748 683 814 756 pios
822 723 832 751 ,
861 699 971 754 graves
1000 693 1032 738 et
1053 682 1173 737 emditos.
1205 684 1214 801 1

140 771 242 845 Quare
271 773 348 828 hanc
375 775 565 829 vocationem
592 789 710 829 summo
735 772 832 829 studio
855 771 1172 844 comprobavimus,et
1209 808 1214 845 9

135 859 287 933 Magistro
304 862 436 919 ilenrico
453 863 622 918 hortatores
640 852 773 930 inimus,'
784 871 818 918 nt
835 860 1022 917 Rivalienais
1037 860 1170 917 Ecclesiae
1207 852 1213 993 Ι

138 951 379 1021 gubernationem
396 952 575 1025 susciperet.
618 953 693 1007 Cum
706 952 784 1006 enim
802 952 830 1007 in
848 949 954 1008 schola
966 949 1121 1006 Ecclesiae
1134 964 1171 1003 nn·
1206 994 1213 1013 ,

139 1050 217 1097 strae
240 1043 364 1115 amplius
388 1043 534 1097 decennio
551 1042 679 1109 vixerit,
702 1053 733 1097 et
755 1042 873 1097 interim
889 1046 1084 1113 magnacum
1107 1038 1171 1095 lanis
1208 1018 1214 1039 ¹

136 1130 250 1185 rexerit
266 1126 431 1201 Collegium
448 1130 628 1186 Saxonicum
639 1130 811 1195 Eriordiae,
830 1131 1034 1204 comperimus
1051 1146 1118 1184 eum
1130 1126 1169 1183 be·

137 1221 231 1277 neatis
255 1230 285 1277 et
302 1222 356 1291 piis
373 1220 508 1277 moribus
526 1221 689 1294 praeditum
712 1235 795 1288 esse,
817 1230 848 1275 et
863 1218 1030 1275 doctrinam
1054 1219 1171 1275 ecclesis
1207 1240 1213 1269 t

138 1311 244 1366 sticum
270 1311 425 1381 diiigenter
448 1314 629 1383 percepisse.
662 1310 861 1383 Amplectitur
882 1320 983 1366 autem
1011 1322 1171 1365 conmutat
1207 1272 1214 1375 i

137 1400 302 1458 catholicae
314 1401 476 1456 ‘Ecclesiae
495 1399 621 1471 Christi,
645 1416 736 1473 quem
758 1412 786 1455 et
803 1408 903 1455 nostra
921 1397 1061 1471 Ecclesia
1074 1397 1171 1471 proha

136 1502 203 1561 tur,
229 1502 258 1547 et
281 1492 423 1547 abhorret
447 1491 484 1545 ab
512 1491 650 1546 omnihus
676 1490 808 1546 fanaticis
833 1488 1024 1562 opinionibus
1049 1473 1172 1545 damnatis

133 1581 249 1653 judicio
277 1579 439 1635 catholicae
466 1578 622 1635 Ecclesiae
651 1579 772 1636 Christi.
810 1578 909 1635 Porro
936 1578 1063 1634 scientia
1090 1590 1174 1651 eamn
1212 1612 1214 1671 i

137 1671 261 1737 artium,
285 1686 357 1742 quas
375 1669 561 1743 philosophia
582 1671 732 1738 continet,
758 1668 890 1724 nonnihil
913 1668 1010 1724 adfert
1034 1666 1174 1724 industrias
1212 1684 1214 1689 ·

137 1761 169 1817 in
193 1760 339 1816 docendo.
374 1761 449 1813 Cum
476 1760 563 1830 igitur
587 1759 735 1830 Magister
759 1759 904 1815 hienricus
930 1758 1042 1813 bonam
1068 1770 1175 1831 operam

138 1849 168 1905 in
186 1848 323 1905 omnibus
341 1848 548 1922 philosophiae
566 1848 697 1920 partibus
721 1848 851 1915 navarit,
874 1847 1039 1920 prudenter
1060 1859 1091 1904 et
1107 1854 1176 1903 reete

137 1939 279 1995 discernit
297 1938 460 1993 doctrinam
477 1938 711 1993 ecclesiasticam
730 1954 745 1993 a
764 1936 971 2010 philosophia,
996 1946 1027 1992 et
1048 1936 1078 1993 in
1095 1936 1176 2008 expli.

137 2029 234 2083 cando
252 2029 460 2099 proprietatem
478 2040 506 2082 et
517 2028 725 2083 dexteritatem
736 2028 851 2098 dignam
865 2029 931 2082 viro
948 2027 1042 2083 docto
1060 2027 1173 2084 adhibet.

136 2116 281 2174 Promisit
297 2116 402 2182 etiam,
419 2130 452 2170 se
465 2131 569 2186 puram
586 2117 750 2171 doctrinam
761 2116 930 2185 Evangelii.
946 2132 1038 2187 quam
1051 2115 1175 2172 Ecclesia

136 2216 239 2262 nostra
262 2206 431 2274 profitetur,
457 2216 629 2262 constanter
653 2216 682 2263 st
704 2207 856 2275 diligenter
878 2206 991 2279 populo
1015 2207 1174 2263 traditurum

137 2310 216 2350 esse.
250 2294 351 2369 Quare
373 2303 405 2348 ut
428 2305 543 2349 extaret
560 2296 713 2367 publicum
731 2296 823 2351 nostri
839 2295 944 2366 judicii
965 2296 1174 2360 testimonium,

135 2401 193 2440 nos
206 2385 233 2439 in
246 2383 382 2438 Ecclesia
395 2383 510 2455 publice
522 2377 795 2442 commendavimus
812 2386 838 2441 ei
850 2385 1049 2441 ministerium
1061 2384 1174 2442 docendi

136 2474 288 2544 Evangelii
307 2484 335 2528 et
351 2473 535 2527 Sacramenta
553 2491 569 2528 a
585 2475 706 2530 Christo
725 2475 852 2530 instituta
869 2475 1087 2531 administrandi
1100 2478 1175 2546 juxta

136 2563 336 2619 vocationem.
369 2563 401 2618 ld
418 2573 562 2617 testamur
573 2563 619 2619 hia
632 2564 758 2635 publicis
774 2564 883 2630 literis,
900 2574 929 2619 et
940 2550 1174 2621 commendamus

138 2671 207 2721 eum
216 2653 370 2709 Ecclesiae
381 2652 542 2708 Rivaliensi
551 2671 569 2720 ‚·
579 2670 612 2707 nc
626 2654 753 2725 petimus
770 2663 802 2708 ut
819 2670 886 2707 eum
903 2665 1038 2711 amanter
1049 2656 1174 2727 excipiat.

130 2746 237 2801 ¹foveat
260 2754 289 2800 et
312 2743 458 2799 defendat.
493 2742 661 2798 Maximum
685 2742 745 2797 Dei
769 2742 946 2799 beneficium
973 2744 1004 2799 in
1029 2745 1117 2802 terris
1138 2752 1175 2800 est

136 2835 288 2907 publicum
311 2834 462 2904 Evangelii
487 2834 700 2900 ministerium,
726 2835 814 2907 idque
840 2834 902 2888 vult
920 2832 1005 2889 Deus
1030 2836 1132 2891 lucere
1152 2836 1175 2887 in

137 2926 302 2982 civitatibus
325 2934 354 2979 et
371 2925 400 2979 in
417 2925 572 2980 hominum
589 2925 741 2980 societate.
775 2925 876 2999 Quare
899 2925 1100 2994 gratissimum
1117 2926 1175 2981 Deo

137 3002 267 3072 officium
285 3016 397 3070 faciunt
413 3015 562 3080 civitates,
581 3030 657 3086 quae
673 3013 827 3070 Ecclesias
845 3027 924 3069 recte
942 3016 1138 3084 constituunt,
1153 3024 1176 3069 et

138 3117 297 3163 accersunt
319 3122 354 3160 ac
371 3104 529 3160 defendunt
548 3105 612 3175 pios
639 3115 667 3158 et
691 3104 820 3158 eruditos
841 3105 993 3160 doctores.
1026 3104 1176 3161 Hortamur

137 3196 225 3265 igitur
241 3195 389 3250 civitatem
400 3194 616 3258 Rivaliehsetm
633 3205 665 3247 ut
677 3192 768 3269 huno¹
777 3194 919 3262 optimum
938 3208 967 3247 et
979 3193 1175 3249 doctissimum

136 3287 234 3341 virum
258 3284 435 3354 Magistrum
462 3282 623 3338 ilenricum
649 3282 696 3353 pie
722 3282 953 3354 complectatur,
978 3292 1006 3337 et
1035 3285 1065 3338 in
1082 3286 1177 3354 guber.

136 3376 255 3431 natione
280 3385 358 3430 tanta
382 3375 498 3443 adjuvet
526 3388 560 3425 ac
584 3372 729 3426 delendas.
774 3371 870 3426 Darae
896 3370 1107 3443 Witebergae,
1137 3373 1177 3426 die

137 3466 180 3522 tt.
195 3465 286 3538 Maji‚
303 3464 439 3520 MDxL.

524 3552 631 3607 Pastor
647 3549 801 3606 Ecclesiae
819 3550 859 3602 W
863 3550 1057 3619 itabergensis

393 3652 423 3699 et
440 3643 546 3697 caeteri
566 3641 696 3695 Ministri
713 3640 864 3710 Evangelii
882 3640 911 3696 in
928 3641 1031 3695 eadem
1048 3639 1178 3698 Ecclesia

556 3726 706 3785 Martinus
724 3729 840 3784 Luther
857 3731 898 3784 D.

557 3820 691 3875 Joannes
709 3819 916 3889 Bugenhagius
935 3819 1124 3880 Pomeranus
1140 3820 1176 3879 D·

555 3910 664 3965 duatus
679 3908 774 3964 Jonas
792 3909 833 3963 D.

440 4066 443 4073 Ι
555 3998 710 4071 Philippus
729 3997 917 4055 Melanthon.
