2730 4724
633 343 725 419 ssll.
1141 331 1203 413 sat

149 506 233 555 certa
250 508 279 556 et
295 518 367 557 vera
384 512 447 572 eat,
458 504 502 559 ”ab
514 506 579 578 ipso
591 504 726 563 Domino
743 505 830 578 nobis
846 516 1003 580 pmeeepta
1012 545 1023 574 ,
1039 513 1071 562 ut
1084 503 1203 574 demus,

149 591 239 663 etiam
264 592 315 646 tibi
339 606 513 666 praecepta,
531 592 556 662 ¹)
580 606 613 652 ut
636 608 794 668 acceptes,
820 599 887 671 quia
905 600 981 654 siout
998 611 1053 653 nos
1071 613 1132 651 non
1149 610 1204 650 vo.

148 681 249 737 lamus
267 694 296 737 te
314 683 425 739 tristitia
436 688 620 756 excruciari,
638 688 682 744 sic
694 689 773 743 idem
785 689 849 761 ipse
861 689 955 744 multo
967 687 1058 758 magis
1071 684 1163 742 nolet.
1174 681 1204 750 2)

147 770 223 827 Noli
241 789 381 828 recusare
400 776 628 848 praecipientem
640 776 666 839 3)
684 787 714 833 et
729 780 931 833 consolantem
944 787 973 833 et
985 789 1049 832 tuas
1061 775 1203 844 tristitias,
1224 804 1226 806 ·

149 862 170 916 i.
190 879 215 916 e.
234 863 354 918 Satanae
370 866 544 920 vexationes
563 867 711 922 odientem
728 881 758 922 et
776 869 970 923 damnantem.
984 860 1015 934 ⁴)
1047 865 1205 925 Necnon-

149 954 239 1007 cedas
257 953 406 1022 Diabolo,
432 967 462 1010 ut
486 957 639 1014 Christum
662 959 715 1014 tibi
740 959 846 1026 figuret
868 957 974 1023 alium,
1002 972 1091 1028 quatu
1111 963 1156 1012 eat
1172 955 1203 1011 iu

148 1044 286 1098 veritate.
318 1044 439 1100 Diaboli
457 1063 534 1117 opus
553 1059 597 1102 est
614 1055 662 1102 tua
680 1047 815 1117 tristitia,
838 1064 926 1118 quam
943 1045 1079 1101 Christus
1097 1044 1204 1101 dissol.
1310 1114 1313 1121 ⁴

148 1150 221 1187 vere
240 1135 337 1205 eupit,
356 1136 381 1190 si
398 1146 431 1189 tu
449 1137 567 1207 pateris.
584 1128 614 1202 ⁵)
648 1137 721 1191 Satis
739 1153 773 1192 es
789 1137 950 1202 contritus,
977 1135 1050 1190 aatis
1065 1132 1217 1204 doluisti,

149 1225 222 1277 eatis
239 1224 428 1295 poenituisti,
445 1226 505 1280 imo
521 1227 609 1281 nimia
625 1217 653 1290 ⁶)
672 1226 756 1298 plus,
773 1240 862 1298 quam
879 1225 958 1280 satis.

216 1328 320 1395 Vides,
346 1331 385 1384 mi
403 1331 565 1403 spalatine,
592 1348 681 1403 quarn
698 1348 772 1386 vero
788 1331 878 1385 corde
895 1341 995 1385 tecum
1013 1345 1094 1399 agam
1112 1337 1143 1386 et
1157 1328 1208 1385 loe

150 1435 235 1491 quar.
267 1420 417 1476 Summam
434 1420 503 1476 mihi
523 1419 633 1491 putabo
650 1420 770 1491 gratiam
792 1437 808 1474 a
828 1433 857 1475 te
879 1420 1037 1487 redditam,
1064 1420 1088 1474 si
1112 1418 1204 1490 admi.

150 1498 226 1562 aeris
249 1506 328 1563 hanc
351 1525 448 1562 meam
472 1509 726 1576 consolationem,
750 1509 813 1565 hoc
828 1519 889 1578 est,
913 1509 1036 1565 Domini
1054 1502 1084 1576 7)
1108 1509 1204 1582 ipatus

149 1597 376 1663 remissionem,
393 1596 629 1666 absolutionem,
655 1598 927 1667 resuscitationem,
952 1615 1007 1670 qua
1026 1598 1204 1656 admissione

149 1689 261 1742 senties
279 1689 401 1756 (saltem
419 1692 537 1758 postea)
555 1689 641 1743 etiam
659 1689 714 1759 ipsi
730 1687 866 1745 Domino
890 1701 919 1742 te
937 1689 1082 1743 obtulisse
1099 1689 1204 1758 gratia.

149 1767 260 1831 simum
284 1767 481 1845 sacrificium,
510 1776 587 1832 sicut
613 1777 842 1847 scriptumest:
871 1776 956 1832 Bene
977 1777 1133 1850 placitum
1155 1784 1203 1836 est

149 1865 292 1922 Domitio
308 1883 406 1939 super
421 1867 566 1922 timentes
582 1884 651 1922 eum
674 1873 704 1921 et
719 1873 888 1939 sperantes
903 1883 1001 1939 super
1019 1867 1204 1926 misericor.

150 1955 239 2011 dium
260 1958 338 2027 ejus.
372 1957 472 2013 Valeat
496 1957 583 2026 igitur
603 1956 718 2013 tristitia
736 1955 875 2024 Diaboli,
900 1957 1025 2029 quinos
1047 1960 1075 2015 in
1094 1970 1124 2014 te
1142 1975 1203 2016 nou

149 2046 254 2103 leviter
271 2042 421 2118 affligit,⁸)
440 2058 469 2103 et
485 2059 619 2103 nostram
638 2064 759 2120 quoque
776 2048 913 2103 laetitiam
932 2059 1055 2103 conatur
1071 2049 1202 2121 turbere,

151 2139 178 2194 si
196 2148 300 2210 posset
320 2151 424 2192 omnes
443 2137 521 2192 forte
540 2153 596 2191 una
613 2137 774 2194 devorare:
790 2130 817 2204 9)
839 2138 892 2192 sed
909 2138 1047 2193 christus
1071 2140 1206 2213 increpat

152 2238 183 2283 et
200 2228 363 2300 increpabit
380 2243 467 2297 eum,
485 2227 535 2297 qui
553 2238 582 2282 te
600 2244 654 2299 per
670 2228 809 2299 Spiritum
825 2241 912 2284 suum
930 2231 1080 2285 confortet
1097 2241 1125 2284 et
1140 2245 1204 2285 ser.

150 2326 219 2385 vet,
245 2321 352 2373 Amen.
383 2316 519 2376 Uxorem
544 2326 623 2371 tuam
644 2317 800 2371 consolare
818 2328 847 2373 et
864 2329 896 2372 tu
913 2316 950 2378 ¹⁰)
968 2318 1029 2373 istis
1047 2335 1082 2373 ac
1099 2318 1204 2375 metio.

149 2406 234 2465 ribus
252 2407 362 2462 verbis.
397 2407 532 2460 Scribere
549 2406 666 2461 alteram
679 2407 836 2479 epistolam
847 2424 907 2463 noa
918 2407 1051 2464 vacabat.
1085 2409 1203 2479 Ceizae,

148 2501 180 2554 cl
201 2498 344 2568 Augusti,
367 2513 443 2554 anno
462 2493 638 2555 athLtV.

841 2574 881 2631 T.
898 2573 991 2632 Man.
1009 2573 1172 2634 Lutlierua.

184 2956 378 3033 nunna
873 2955 1172 3035 uaMmexx.
1223 2914 1226 2919 ’

545 3135 594 3204 ltu
616 3131 808 3211 llntbati.
875 3232 876 3237 Ν

194 3318 219 3373 ε.
232 3315 260 3369 ta
271 3322 317 3365 aaa
330 3317 381 3373 atla
394 3314 561 3373 tamdictum
574 3319 620 3365 unt
633 3317 701 3365 tontt
714 3316 752 3365 tlte
765 3317 801 3363 tte
813 3321 950 3380 narranaam
963 3313 1103 3368 btttsttattm
1116 3314 1166 3371 aab

522 3393 693 3447 mitaeneteaut
709 3390 840 3443 urimur.

201 3654 223 3701 ll
243 3651 318 3699 codd.
332 3655 359 3700 ῦ.
376 3677 402 3688 -
417 3655 555 3710 praecepta.
609 3654 631 3704 Ζ)
649 3652 723 3699 codd.
737 3654 765 3699 c.
784 3651 847 3698 nullt
861 3652 898 3702 (tl.
931 3651 992 3701 cdl.
1010 3648 1107 3698 Aarll.
1125 3649 1205 3700 volet.

148 3725 172 3778 3)
187 3723 263 3771 codd.
274 3727 300 3773 c.
314 3725 507 3782 participantem.
555 3729 579 3776 t)
597 3727 671 3773 codd.
680 3728 707 3773 c.
722 3726 889 3773 consolantem
904 3728 989 3772 contra
1003 3728 1067 3771 tuam
1080 3724 1204 3775 titattttau

150 3797 167 3845 l.
182 3810 205 3846 e.
219 3798 321 3845 Satanae
334 3799 490 3845 vexationem
503 3799 649 3846 eructantem
663 3803 688 3846 et
704 3800 862 3847 damnantem.
912 3801 934 3850 5)
952 3799 977 3845 c.
992 3801 1018 3846 (i.
1032 3801 1078 3850 llil.
1095 3799 1204 3856 pallaria.

151 3873 177 3918 c.
193 3873 221 3917 c.
236 3875 279 3919 illc
299 3874 392 3919 tautum
405 3872 512 3929 patiaris.
562 3874 583 3923 6)
603 3873 629 3923 c.
642 3874 670 3919 c.
682 3875 728 3922 llll.
745 3898 771 3909 -
786 3872 865 3920 nimia.
918 3874 941 3926 7)
959 3873 985 3918 c.
999 3873 1027 3920 c.
1039 3874 1085 3922 ccl.
1105 3871 1203 3919 consu.

147 3949 172 3997 ll)
186 3945 262 3990 codd.
272 3947 301 3995 c.
316 3945 356 4008 qul
370 3956 414 3991 noa
423 3944 516 4002 jugiter
528 3944 617 4000 affligit.
674 3944 697 3996 9)
712 3944 787 3997 codd.
796 3946 823 3992 c.
837 3945 857 3991 al
871 3947 969 4003 postet,
986 3954 1070 3994 omues
1082 3955 1130 3994 uat
1142 3944 1205 3992 lton

150 4019 293 4068 devorares.
344 4021 377 4073 tu)
391 4018 465 4069 codo
476 4019 504 4069 b.
516 4037 541 4054 -
553 4020 579 4067 et
590 4020 624 4067 tu.
