<?xml version="1.0" encoding="UTF-8"?>
<!DOCTYPE html PUBLIC "-//W3C//DTD XHTML 1.0 Transitional//EN"
    "http://www.w3.org/TR/xhtml1/DTD/xhtml1-transitional.dtd">
<html xmlns="http://www.w3.org/1999/xhtml" xml:lang="en" lang="en">
 <head>
  <title>
</title>
<meta http-equiv="Content-Type" content="text/html;charset=utf-8" />
  <meta name='ocr-system' content='tesseract 3.04.00' />
  <meta name='ocr-capabilities' content='ocr_page ocr_carea ocr_par ocr_line ocrx_word'/>
</head>
<body>
  <div class='ocr_page' id='page_1' title='image "./briefesendschre05luthgoog/briefesendschre05luthgoog_0113.png"; bbox 0 0 2616 4710; ppageno 0'>
   <div class='ocr_carea' id='block_1_1' title="bbox 591 61 636 99">
    <p class='ocr_par' dir='ltr' id='par_1_1' title="bbox 591 61 636 99">
     <span class='ocr_line' id='line_1_1' title="bbox 591 61 636 99; baseline 0 0"><span class='ocrx_word' id='word_1_1' title='bbox 591 89 592 92; x_wconf 20' lang='grc' dir='ltr'>η</span> <span class='ocrx_word' id='word_1_2' title='bbox 629 61 636 99; x_wconf 85' lang='lat' dir='ltr'>l</span> 
     </span>
    </p>
   </div>
   <div class='ocr_carea' id='block_1_2' title="bbox 58 345 1189 1311">
    <p class='ocr_par' dir='ltr' id='par_1_2' title="bbox 58 345 1189 1311">
     <span class='ocr_line' id='line_1_2' title="bbox 479 345 1124 434; baseline 0.005 -6"><span class='ocrx_word' id='word_1_3' title='bbox 479 345 485 367; x_wconf 72' lang='lat'><strong>¹</strong></span> <span class='ocrx_word' id='word_1_4' title='bbox 547 361 637 432; x_wconf 80' lang='lat' dir='ltr'>tsst.</span> <span class='ocrx_word' id='word_1_5' title='bbox 1082 366 1124 434; x_wconf 81' lang='lat' dir='ltr'>ss</span> 
     </span>
     <span class='ocr_line' id='line_1_3' title="bbox 59 518 1122 591; baseline 0.003 -18"><span class='ocrx_word' id='word_1_6' title='bbox 59 519 148 587; x_wconf 72' lang='lat' dir='ltr'>tates,</span> <span class='ocrx_word' id='word_1_7' title='bbox 176 528 206 573; x_wconf 91' lang='lat' dir='ltr'>et</span> <span class='ocrx_word' id='word_1_8' title='bbox 222 518 298 576; x_wconf 87' lang='lat' dir='ltr'>nihil</span> <span class='ocrx_word' id='word_1_9' title='bbox 314 519 352 575; x_wconf 89' lang='lat' dir='ltr'>sit</span> <span class='ocrx_word' id='word_1_10' title='bbox 369 521 398 575; x_wconf 91' lang='lat' dir='ltr'>in</span> <span class='ocrx_word' id='word_1_11' title='bbox 417 520 508 575; x_wconf 87' lang='lat' dir='ltr'>corde</span> <span class='ocrx_word' id='word_1_12' title='bbox 526 536 580 576; x_wconf 88' lang='lat' dir='ltr'>seu</span> <span class='ocrx_word' id='word_1_13' title='bbox 598 521 685 576; x_wconf 77' lang='lat' dir='ltr'>fallax</span> <span class='ocrx_word' id='word_1_14' title='bbox 703 521 865 591; x_wconf 83' lang='lat' dir='ltr'>imagosut</span> <span class='ocrx_word' id='word_1_15' title='bbox 882 520 1040 577; x_wconf 84' lang='lat' dir='ltr'>ludificatio</span> <span class='ocrx_word' id='word_1_16' title='bbox 1057 520 1122 576; x_wconf 87' lang='lat' dir='ltr'>sine</span> 
     </span>
     <span class='ocr_line' id='line_1_4' title="bbox 61 601 1189 682; baseline 0.001 -19"><span class='ocrx_word' id='word_1_17' title='bbox 61 626 91 664; x_wconf 89' lang='lat' dir='ltr'>re</span> <span class='ocrx_word' id='word_1_18' title='bbox 109 619 160 663; x_wconf 82' lang='lat' dir='ltr'>aut</span> <span class='ocrx_word' id='word_1_19' title='bbox 176 611 321 678; x_wconf 83' lang='lat' dir='ltr'>veritate,</span> <span class='ocrx_word' id='word_1_20' title='bbox 339 611 442 682; x_wconf 83' lang='lat' dir='ltr'>quales</span> <span class='ocrx_word' id='word_1_21' title='bbox 459 621 529 665; x_wconf 89' lang='lat' dir='ltr'>sunt</span> <span class='ocrx_word' id='word_1_22' title='bbox 547 611 698 682; x_wconf 84' lang='lat' dir='ltr'>opiniones</span> <span class='ocrx_word' id='word_1_23' title='bbox 716 611 873 666; x_wconf 84' lang='lat' dir='ltr'>hominum</span> <span class='ocrx_word' id='word_1_24' title='bbox 891 611 927 664; x_wconf 89' lang='lat' dir='ltr'>de</span> <span class='ocrx_word' id='word_1_25' title='bbox 942 610 1031 678; x_wconf 87' lang='lat' dir='ltr'>Deo,</span> <span class='ocrx_word' id='word_1_26' title='bbox 1049 627 1122 682; x_wconf 86' lang='lat' dir='ltr'>qua.</span> <span class='ocrx_word' id='word_1_27' title='bbox 1188 601 1189 604; x_wconf 44' lang='lat'>&#39;</span> 
     </span>
     <span class='ocr_line' id='line_1_5' title="bbox 60 698 1121 772; baseline 0.002 -18"><span class='ocrx_word' id='word_1_28' title='bbox 60 717 128 754; x_wconf 82' lang='lat' dir='ltr'>rum</span> <span class='ocrx_word' id='word_1_29' title='bbox 142 700 224 754; x_wconf 80' lang='lat' dir='ltr'>nulla</span> <span class='ocrx_word' id='word_1_30' title='bbox 242 698 391 768; x_wconf 71' lang='lat' dir='ltr'>subsistit,</span> <span class='ocrx_word' id='word_1_31' title='bbox 408 714 523 755; x_wconf 85' lang='lat' dir='ltr'>autres</span> <span class='ocrx_word' id='word_1_32' title='bbox 540 700 636 772; x_wconf 79' lang='lat' dir='ltr'>aliqua</span> <span class='ocrx_word' id='word_1_33' title='bbox 653 712 700 756; x_wconf 86' lang='lat' dir='ltr'>est</span> <span class='ocrx_word' id='word_1_34' title='bbox 718 717 803 768; x_wconf 84' lang='lat' dir='ltr'>vera,</span> <span class='ocrx_word' id='word_1_35' title='bbox 821 712 921 768; x_wconf 85' lang='lat' dir='ltr'>certa,</span> <span class='ocrx_word' id='word_1_36' title='bbox 938 700 1048 769; x_wconf 86' lang='lat' dir='ltr'>solida,</span> <span class='ocrx_word' id='word_1_37' title='bbox 1066 701 1121 756; x_wconf 83' lang='lat' dir='ltr'>sed</span> 
     </span>
     <span class='ocr_line' id='line_1_6' title="bbox 60 790 1120 860; baseline -0.001 -17"><span class='ocrx_word' id='word_1_38' title='bbox 60 800 104 845; x_wconf 85' lang='lat' dir='ltr'>est</span> <span class='ocrx_word' id='word_1_39' title='bbox 121 791 285 858; x_wconf 85' lang='lat' dir='ltr'>lluctusns,</span> <span class='ocrx_word' id='word_1_40' title='bbox 303 790 454 856; x_wconf 88' lang='lat' dir='ltr'>instabile,</span> <span class='ocrx_word' id='word_1_41' title='bbox 471 807 577 860; x_wconf 85' lang='lat' dir='ltr'>vagum</span> <span class='ocrx_word' id='word_1_42' title='bbox 595 790 765 860; x_wconf 80' lang='lat' dir='ltr'>figmentum</span> <span class='ocrx_word' id='word_1_43' title='bbox 781 792 810 845; x_wconf 91' lang='lat' dir='ltr'>in</span> <span class='ocrx_word' id='word_1_44' title='bbox 830 791 930 845; x_wconf 83' lang='lat' dir='ltr'>corde.</span> <span class='ocrx_word' id='word_1_45' title='bbox 966 792 1047 845; x_wconf 81' lang='lat' dir='ltr'>Alias</span> <span class='ocrx_word' id='word_1_46' title='bbox 1065 807 1120 845; x_wconf 86' lang='lat' dir='ltr'>vo.</span> 
     </span>
     <span class='ocr_line' id='line_1_7' title="bbox 63 878 1120 955; baseline 0.001 -22"><span class='ocrx_word' id='word_1_47' title='bbox 63 894 147 934; x_wconf 83' lang='lat' dir='ltr'>eatur</span> <span class='ocrx_word' id='word_1_48' title='bbox 158 881 246 935; x_wconf 82' lang='lat' dir='ltr'>etiam</span> <span class='ocrx_word' id='word_1_49' title='bbox 259 880 361 935; x_wconf 84' lang='lat' dir='ltr'>eadem</span> <span class='ocrx_word' id='word_1_50' title='bbox 373 880 503 948; x_wconf 81' lang='lat' dir='ltr'>veritas,</span> <span class='ocrx_word' id='word_1_51' title='bbox 519 878 646 935; x_wconf 85' lang='lat' dir='ltr'>Necona</span> <span class='ocrx_word' id='word_1_52' title='bbox 654 879 807 947; x_wconf 87' lang='lat' dir='ltr'>hebraice,</span> <span class='ocrx_word' id='word_1_53' title='bbox 825 878 876 936; x_wconf 89' lang='lat' dir='ltr'>Ps·</span> <span class='ocrx_word' id='word_1_54' title='bbox 888 879 940 936; x_wconf 85' lang='lat' dir='ltr'>V.:</span> <span class='ocrx_word' id='word_1_55' title='bbox 957 879 1120 955; x_wconf 80' lang='lat' dir='ltr'><strong><em>Quoniam</em></strong></span> 
     </span>
     <span class='ocr_line' id='line_1_8' title="bbox 60 962 1118 1038; baseline -0.001 -13"><span class='ocrx_word' id='word_1_56' title='bbox 60 986 126 1025; x_wconf 81' lang='lat' dir='ltr'>non</span> <span class='ocrx_word' id='word_1_57' title='bbox 143 978 192 1026; x_wconf 88' lang='lat' dir='ltr'>est</span> <span class='ocrx_word' id='word_1_58' title='bbox 206 970 243 1025; x_wconf 82' lang='lat' dir='ltr'>in</span> <span class='ocrx_word' id='word_1_59' title='bbox 259 987 317 1025; x_wconf 84' lang='lat' dir='ltr'>ore</span> <span class='ocrx_word' id='word_1_60' title='bbox 332 988 443 1025; x_wconf 84' lang='lat' dir='ltr'>eoram</span> <span class='ocrx_word' id='word_1_61' title='bbox 460 982 534 1038; x_wconf 87' lang='lat' dir='ltr'>etc.-,</span> <span class='ocrx_word' id='word_1_62' title='bbox 550 969 583 1025; x_wconf 92' lang='lat' dir='ltr'>h.</span> <span class='ocrx_word' id='word_1_63' title='bbox 601 987 627 1024; x_wconf 94' lang='lat' dir='ltr'>e.</span> <span class='ocrx_word' id='word_1_64' title='bbox 647 969 719 1024; x_wconf 87' lang='lat' dir='ltr'>nihii</span> <span class='ocrx_word' id='word_1_65' title='bbox 737 962 884 1038; x_wconf 89' lang='lat' dir='ltr'>solidum,</span> <span class='ocrx_word' id='word_1_66' title='bbox 904 969 1038 1036; x_wconf 81' lang='lat' dir='ltr'>firmum,</span> <span class='ocrx_word' id='word_1_67' title='bbox 1057 979 1118 1024; x_wconf 86' lang='lat' dir='ltr'>sta.</span> 
     </span>
     <span class='ocr_line' id='line_1_9' title="bbox 58 1059 1116 1133; baseline -0.003 -17"><span class='ocrx_word' id='word_1_68' title='bbox 58 1061 138 1130; x_wconf 89' lang='lat' dir='ltr'>bile,</span> <span class='ocrx_word' id='word_1_69' title='bbox 156 1061 341 1129; x_wconf 72' lang='lat' dir='ltr'>subsistens,</span> <span class='ocrx_word' id='word_1_70' title='bbox 358 1059 614 1133; x_wconf 71' lang='lat' dir='ltr'>hypostaticam,</span> <span class='ocrx_word' id='word_1_71' title='bbox 630 1060 683 1114; x_wconf 84' lang='lat' dir='ltr'>sed</span> <span class='ocrx_word' id='word_1_72' title='bbox 696 1059 794 1114; x_wconf 88' lang='lat' dir='ltr'>omnia</span> <span class='ocrx_word' id='word_1_73' title='bbox 805 1069 874 1114; x_wconf 85' lang='lat' dir='ltr'>sunt</span> <span class='ocrx_word' id='word_1_74' title='bbox 885 1060 1013 1128; x_wconf 83' lang='lat' dir='ltr'>fallacia,</span> <span class='ocrx_word' id='word_1_75' title='bbox 1031 1076 1116 1130; x_wconf 84' lang='lat' dir='ltr'>vana,</span> 
     </span>
     <span class='ocr_line' id='line_1_10' title="bbox 60 1149 1118 1222; baseline 0 -18"><span class='ocrx_word' id='word_1_76' title='bbox 60 1150 209 1218; x_wconf 78' lang='lat' dir='ltr'>dubitata,</span> <span class='ocrx_word' id='word_1_77' title='bbox 226 1151 256 1205; x_wconf 91' lang='lat' dir='ltr'>id</span> <span class='ocrx_word' id='word_1_78' title='bbox 274 1151 355 1222; x_wconf 89' lang='lat' dir='ltr'>quod</span> <span class='ocrx_word' id='word_1_79' title='bbox 373 1167 445 1204; x_wconf 87' lang='lat' dir='ltr'>vere</span> <span class='ocrx_word' id='word_1_80' title='bbox 463 1160 509 1205; x_wconf 83' lang='lat' dir='ltr'>est</span> <span class='ocrx_word' id='word_1_81' title='bbox 524 1150 621 1218; x_wconf 87' lang='lat' dir='ltr'>idem,</span> <span class='ocrx_word' id='word_1_82' title='bbox 638 1150 720 1220; x_wconf 89' lang='lat' dir='ltr'>quod</span> <span class='ocrx_word' id='word_1_83' title='bbox 737 1149 809 1204; x_wconf 90' lang='lat' dir='ltr'>nihii</span> <span class='ocrx_word' id='word_1_84' title='bbox 827 1164 913 1218; x_wconf 86' lang='lat' dir='ltr'>esse,</span> <span class='ocrx_word' id='word_1_85' title='bbox 929 1166 990 1205; x_wconf 90' lang='lat' dir='ltr'>non</span> <span class='ocrx_word' id='word_1_86' title='bbox 1002 1149 1028 1216; x_wconf 87' lang='lat'>¹)</span> <span class='ocrx_word' id='word_1_87' title='bbox 1045 1151 1118 1206; x_wconf 89' lang='lat' dir='ltr'>suh.</span> 
     </span>
     <span class='ocr_line' id='line_1_11' title="bbox 60 1235 1116 1311; baseline -0.002 -15"><span class='ocrx_word' id='word_1_88' title='bbox 60 1241 187 1308; x_wconf 77' lang='lat' dir='ltr'>sistere,</span> <span class='ocrx_word' id='word_1_89' title='bbox 202 1257 265 1294; x_wconf 90' lang='lat' dir='ltr'>non</span> <span class='ocrx_word' id='word_1_90' title='bbox 282 1255 351 1295; x_wconf 87' lang='lat' dir='ltr'>esse</span> <span class='ocrx_word' id='word_1_91' title='bbox 367 1238 552 1310; x_wconf 79' lang='lat' dir='ltr'>hypostasin.</span> <span class='ocrx_word' id='word_1_92' title='bbox 587 1237 660 1294; x_wconf 88' lang='lat' dir='ltr'>lnde</span> <span class='ocrx_word' id='word_1_93' title='bbox 677 1235 731 1294; x_wconf 86' lang='lat' dir='ltr'>Ps.</span> <span class='ocrx_word' id='word_1_94' title='bbox 746 1238 798 1293; x_wconf 91' lang='lat' dir='ltr'>Ll.</span> <span class='ocrx_word' id='word_1_95' title='bbox 816 1238 968 1311; x_wconf 85' lang='lat' dir='ltr'>spiritum</span> <span class='ocrx_word' id='word_1_96' title='bbox 984 1247 1116 1310; x_wconf 84' lang='lat' dir='ltr'>rectum,</span> 
     </span>
    </p>
   </div>
   <div class='ocr_carea' id='block_1_3' title="bbox 58 1326 1120 1487">
    <p class='ocr_par' dir='ltr' id='par_1_3' title="bbox 58 1326 1120 1487">
     <span class='ocr_line' id='line_1_12' title="bbox 58 1326 1120 1410; baseline -0.001 -27"><span class='ocrx_word' id='word_1_97' title='bbox 58 1328 92 1384; x_wconf 87' lang='lat' dir='ltr'>h.</span> <span class='ocrx_word' id='word_1_98' title='bbox 109 1347 136 1387; x_wconf 80' lang='lat' dir='ltr'>e.</span> <span class='ocrx_word' id='word_1_99' title='bbox 154 1344 314 1397; x_wconf 80' lang='lat' dir='ltr'>veracem,</span> <span class='ocrx_word' id='word_1_100' title='bbox 334 1342 469 1406; x_wconf 76' lang='lat' dir='ltr'>certium,</span> <span class='ocrx_word' id='word_1_101' title='bbox 493 1326 702 1394; x_wconf 87' lang='lat' dir='ltr'>indubitatum,</span> <span class='ocrx_word' id='word_1_102' title='bbox 727 1326 862 1396; x_wconf 83' lang='lat' dir='ltr'>firmum,</span> <span class='ocrx_word' id='word_1_103' title='bbox 885 1326 1120 1410; x_wconf 71' lang='lat' dir='ltr'>subsistentem„</span> 
     </span>
     <span class='ocr_line' id='line_1_13' title="bbox 59 1415 1116 1487; baseline 0.005 -14"><span class='ocrx_word' id='word_1_104' title='bbox 59 1420 254 1486; x_wconf 81' lang='lat' dir='ltr'>existentem,</span> <span class='ocrx_word' id='word_1_105' title='bbox 280 1434 339 1472; x_wconf 88' lang='lat' dir='ltr'>non</span> <span class='ocrx_word' id='word_1_106' title='bbox 362 1417 514 1485; x_wconf 75' lang='lat' dir='ltr'>fallacem,</span> <span class='ocrx_word' id='word_1_107' title='bbox 540 1416 659 1484; x_wconf 86' lang='lat' dir='ltr'>fictum,</span> <span class='ocrx_word' id='word_1_108' title='bbox 676 1417 703 1482; x_wconf 82' lang='lat'>²)</span> <span class='ocrx_word' id='word_1_109' title='bbox 724 1416 862 1484; x_wconf 88' lang='lat' dir='ltr'>dubium,</span> <span class='ocrx_word' id='word_1_110' title='bbox 888 1432 1009 1487; x_wconf 75' lang='lat' dir='ltr'>vagum:</span> <span class='ocrx_word' id='word_1_111' title='bbox 1035 1415 1116 1478; x_wconf 79' lang='lat' dir='ltr'>stant</span> 
     </span>
    </p>
   </div>
   <div class='ocr_carea' id='block_1_4' title="bbox 56 1502 1179 3736">
    <p class='ocr_par' dir='ltr' id='par_1_4' title="bbox 56 1502 1179 3736">
     <span class='ocr_line' id='line_1_14' title="bbox 58 1502 1115 1577; baseline -0.004 -8"><span class='ocrx_word' id='word_1_112' title='bbox 58 1504 152 1574; x_wconf 62' lang='lat' dir='ltr'>utilit</span> <span class='ocrx_word' id='word_1_113' title='bbox 170 1506 216 1566; x_wconf 75' lang='lat' dir='ltr'>itt</span> <span class='ocrx_word' id='word_1_114' title='bbox 232 1505 278 1567; x_wconf 86' lang='lat' dir='ltr'>tin</span> <span class='ocrx_word' id='word_1_115' title='bbox 294 1505 394 1575; x_wconf 71' lang='lat' dir='ltr'>tentet</span> <span class='ocrx_word' id='word_1_116' title='bbox 404 1502 496 1572; x_wconf 61' lang='lat' dir='ltr'>utilit</span> <span class='ocrx_word' id='word_1_117' title='bbox 514 1504 586 1574; x_wconf 77' lang='grc' dir='ltr'>ιιιιιιι</span> <span class='ocrx_word' id='word_1_118' title='bbox 602 1503 648 1565; x_wconf 84' lang='lat' dir='ltr'>tin</span> <span class='ocrx_word' id='word_1_119' title='bbox 666 1504 808 1577; x_wconf 63' lang='lat' dir='ltr'>nemilites</span> <span class='ocrx_word' id='word_1_120' title='bbox 825 1504 957 1577; x_wconf 69' lang='lat' dir='ltr'>attinnt</span> <span class='ocrx_word' id='word_1_121' title='bbox 971 1502 1047 1572; x_wconf 73' lang='lat' dir='ltr'>sitii</span> <span class='ocrx_word' id='word_1_122' title='bbox 1059 1505 1115 1575; x_wconf 56' lang='lat' dir='ltr'>leot</span> 
     </span>
     <span class='ocr_line' id='line_1_15' title="bbox 58 1595 1114 1669; baseline -0.003 -11"><span class='ocrx_word' id='word_1_123' title='bbox 58 1601 131 1660; x_wconf 81' lang='lat' dir='ltr'>tras</span> <span class='ocrx_word' id='word_1_124' title='bbox 154 1612 184 1660; x_wconf 87' lang='lat' dir='ltr'>tt</span> <span class='ocrx_word' id='word_1_125' title='bbox 206 1595 239 1666; x_wconf 82' lang='lat' dir='ltr'>iti</span> <span class='ocrx_word' id='word_1_126' title='bbox 261 1596 343 1667; x_wconf 74' lang='lat' dir='ltr'>tatto)</span> <span class='ocrx_word' id='word_1_127' title='bbox 368 1596 423 1657; x_wconf 82' lang='lat' dir='ltr'>unt</span> <span class='ocrx_word' id='word_1_128' title='bbox 448 1595 521 1666; x_wconf 71' lang='grc' dir='ltr'>ιιιιιι</span> <span class='ocrx_word' id='word_1_129' title='bbox 545 1597 589 1657; x_wconf 81' lang='lat' dir='ltr'>ein</span> <span class='ocrx_word' id='word_1_130' title='bbox 612 1595 810 1669; x_wconf 70' lang='lat' dir='ltr'>nahrtattiptr</span> <span class='ocrx_word' id='word_1_131' title='bbox 826 1595 919 1663; x_wconf 51' lang='lat' dir='ltr'>sets,</span> <span class='ocrx_word' id='word_1_132' title='bbox 944 1600 997 1653; x_wconf 72' lang='lat' dir='ltr'>ned</span> <span class='ocrx_word' id='word_1_133' title='bbox 1016 1601 1114 1655; x_wconf 76' lang='lat' dir='ltr'>carnis</span> 
     </span>
     <span class='ocr_line' id='line_1_16' title="bbox 59 1686 1115 1763; baseline 0 -18"><span class='ocrx_word' id='word_1_134' title='bbox 59 1691 205 1762; x_wconf 76' lang='lat' dir='ltr'>quaedem</span> <span class='ocrx_word' id='word_1_135' title='bbox 222 1688 363 1759; x_wconf 77' lang='lat' dir='ltr'>cogitatio</span> <span class='ocrx_word' id='word_1_136' title='bbox 381 1699 412 1743; x_wconf 89' lang='lat' dir='ltr'>et</span> <span class='ocrx_word' id='word_1_137' title='bbox 428 1686 610 1757; x_wconf 79' lang='lat' dir='ltr'>figmentum.</span> <span class='ocrx_word' id='word_1_138' title='bbox 645 1689 747 1763; x_wconf 77' lang='lat' dir='ltr'>Quare</span> <span class='ocrx_word' id='word_1_139' title='bbox 766 1689 843 1743; x_wconf 89' lang='lat' dir='ltr'>idem</span> <span class='ocrx_word' id='word_1_140' title='bbox 861 1701 907 1745; x_wconf 87' lang='lat' dir='ltr'>est</span> <span class='ocrx_word' id='word_1_141' title='bbox 924 1690 1038 1746; x_wconf 84' lang='lat' dir='ltr'>dicere:</span> <span class='ocrx_word' id='word_1_142' title='bbox 1052 1692 1115 1758; x_wconf 78' lang='lat' dir='ltr'>Ju-</span> 
     </span>
     <span class='ocr_line' id='line_1_17' title="bbox 58 1771 1119 1855; baseline -0.001 -19"><span class='ocrx_word' id='word_1_143' title='bbox 58 1789 130 1836; x_wconf 84' lang='lat' dir='ltr'>stus</span> <span class='ocrx_word' id='word_1_144' title='bbox 144 1797 187 1835; x_wconf 77' lang='lat' dir='ltr'>ex</span> <span class='ocrx_word' id='word_1_145' title='bbox 202 1778 337 1836; x_wconf 80' lang='lat' dir='ltr'>ueritate</span> <span class='ocrx_word' id='word_1_146' title='bbox 352 1776 443 1848; x_wconf 80' lang='lat' dir='ltr'>vivit,</span> <span class='ocrx_word' id='word_1_147' title='bbox 460 1776 491 1833; x_wconf 91' lang='lat' dir='ltr'>h.</span> <span class='ocrx_word' id='word_1_148' title='bbox 505 1796 531 1832; x_wconf 81' lang='lat' dir='ltr'>e.</span> <span class='ocrx_word' id='word_1_149' title='bbox 545 1794 584 1833; x_wconf 86' lang='lat' dir='ltr'>ex</span> <span class='ocrx_word' id='word_1_150' title='bbox 603 1790 702 1846; x_wconf 89' lang='lat' dir='ltr'>certo,</span> <span class='ocrx_word' id='word_1_151' title='bbox 720 1796 781 1833; x_wconf 89' lang='lat' dir='ltr'>non</span> <span class='ocrx_word' id='word_1_152' title='bbox 798 1777 946 1855; x_wconf 75' lang='lat' dir='ltr'>dubitato,</span> <span class='ocrx_word' id='word_1_153' title='bbox 964 1790 1013 1835; x_wconf 87' lang='lat' dir='ltr'>aut</span> <span class='ocrx_word' id='word_1_154' title='bbox 1023 1771 1119 1850; x_wconf 78' lang='lat' dir='ltr'>vano,</span> 
     </span>
     <span class='ocr_line' id='line_1_18' title="bbox 57 1867 1120 1949; baseline -0.002 -22"><span class='ocrx_word' id='word_1_155' title='bbox 57 1871 147 1941; x_wconf 80' lang='lat' dir='ltr'>ficto,</span> <span class='ocrx_word' id='word_1_156' title='bbox 166 1869 261 1936; x_wconf 77' lang='lat' dir='ltr'>falso,</span> <span class='ocrx_word' id='word_1_157' title='bbox 277 1869 330 1925; x_wconf 88' lang='lat' dir='ltr'>sed</span> <span class='ocrx_word' id='word_1_158' title='bbox 347 1867 452 1935; x_wconf 84' lang='lat' dir='ltr'>firmo,</span> <span class='ocrx_word' id='word_1_159' title='bbox 469 1884 560 1936; x_wconf 86' lang='lat' dir='ltr'>vero,</span> <span class='ocrx_word' id='word_1_160' title='bbox 587 1868 863 1936; x_wconf 75' lang='lat' dir='ltr'>constantissimo,</span> <span class='ocrx_word' id='word_1_161' title='bbox 895 1886 956 1941; x_wconf 84' lang='lat' dir='ltr'>qno</span> <span class='ocrx_word' id='word_1_162' title='bbox 974 1869 1120 1949; x_wconf 32' lang='lat' dir='ltr'>adhaeret*</span> 
     </span>
     <span class='ocr_line' id='line_1_19' title="bbox 58 1955 1137 2032; baseline 0 -15"><span class='ocrx_word' id='word_1_163' title='bbox 58 1961 156 2017; x_wconf 80' lang='lat' dir='ltr'>aerbo</span> <span class='ocrx_word' id='word_1_164' title='bbox 173 1959 253 2027; x_wconf 91' lang='lat' dir='ltr'>Dei,</span> <span class='ocrx_word' id='word_1_165' title='bbox 277 1958 358 2030; x_wconf 89' lang='lat' dir='ltr'>quod</span> <span class='ocrx_word' id='word_1_166' title='bbox 376 1955 487 2013; x_wconf 85' lang='lat' dir='ltr'>Paulus</span> <span class='ocrx_word' id='word_1_167' title='bbox 505 1957 665 2012; x_wconf 76' lang='lat' dir='ltr'>transtulit:</span> <span class='ocrx_word' id='word_1_168' title='bbox 691 1974 732 2010; x_wconf 78' lang='lat' dir='ltr'>ex</span> <span class='ocrx_word' id='word_1_169' title='bbox 744 1957 831 2027; x_wconf 70' lang='lat' dir='ltr'>fids,</span> <span class='ocrx_word' id='word_1_170' title='bbox 855 1960 961 2015; x_wconf 85' lang='lat' dir='ltr'>volens</span> <span class='ocrx_word' id='word_1_171' title='bbox 979 1961 1114 2032; x_wconf 85' lang='lat' dir='ltr'>scilicet,</span> <span class='ocrx_word' id='word_1_172' title='bbox 1133 1962 1137 1970; x_wconf 84' lang='lat'>&#39;</span> 
     </span>
     <span class='ocr_line' id='line_1_20' title="bbox 58 2038 1114 2123; baseline 0.002 -19"><span class='ocrx_word' id='word_1_173' title='bbox 58 2051 139 2123; x_wconf 85' lang='lat' dir='ltr'>quod</span> <span class='ocrx_word' id='word_1_174' title='bbox 157 2049 231 2114; x_wconf 83' lang='lat' dir='ltr'>tides</span> <span class='ocrx_word' id='word_1_175' title='bbox 242 2049 281 2104; x_wconf 91' lang='lat' dir='ltr'>sit</span> <span class='ocrx_word' id='word_1_176' title='bbox 288 2047 462 2120; x_wconf 77' lang='lat' dir='ltr'>hypostasis</span> <span class='ocrx_word' id='word_1_177' title='bbox 473 2047 579 2114; x_wconf 86' lang='lat' dir='ltr'>animi,</span> <span class='ocrx_word' id='word_1_178' title='bbox 596 2048 775 2114; x_wconf 81' lang='lat' dir='ltr'>constantia,</span> <span class='ocrx_word' id='word_1_179' title='bbox 792 2048 899 2104; x_wconf 83' lang='lat' dir='ltr'>veritas</span> <span class='ocrx_word' id='word_1_180' title='bbox 912 2048 1018 2120; x_wconf 84' lang='lat' dir='ltr'>animi,</span> <span class='ocrx_word' id='word_1_181' title='bbox 1037 2038 1114 2122; x_wconf 73' lang='lat' dir='ltr'>quas</span> 
     </span>
     <span class='ocr_line' id='line_1_21' title="bbox 57 2124 1118 2215; baseline 0 -20"><span class='ocrx_word' id='word_1_182' title='bbox 57 2141 207 2195; x_wconf 79' lang='lat' dir='ltr'>veraciter</span> <span class='ocrx_word' id='word_1_183' title='bbox 223 2148 396 2193; x_wconf 78' lang='lat' dir='ltr'>constanter</span> <span class='ocrx_word' id='word_1_184' title='bbox 411 2148 442 2191; x_wconf 89' lang='lat' dir='ltr'>et</span> <span class='ocrx_word' id='word_1_185' title='bbox 459 2136 674 2205; x_wconf 75' lang='lat' dir='ltr'>subsistentes,</span> <span class='ocrx_word' id='word_1_186' title='bbox 696 2153 758 2191; x_wconf 87' lang='lat' dir='ltr'>uon</span> <span class='ocrx_word' id='word_1_187' title='bbox 781 2137 924 2193; x_wconf 74' lang='lat' dir='ltr'>fallaciter</span> <span class='ocrx_word' id='word_1_188' title='bbox 939 2149 975 2215; x_wconf 12' lang='lat' dir='ltr'>‘et</span> <span class='ocrx_word' id='word_1_189' title='bbox 994 2124 1118 2197; x_wconf 56' lang='grc' dir='ltr'>ιιιιΙΙίιιιἸ</span> 
     </span>
     <span class='ocr_line' id='line_1_22' title="bbox 57 2223 1126 2298; baseline 0.001 -12"><span class='ocrx_word' id='word_1_190' title='bbox 57 2230 202 2286; x_wconf 76' lang='lat' dir='ltr'>adhaeret</span> <span class='ocrx_word' id='word_1_191' title='bbox 223 2226 318 2284; x_wconf 88' lang='lat' dir='ltr'>verbo</span> <span class='ocrx_word' id='word_1_192' title='bbox 343 2227 421 2295; x_wconf 89' lang='lat' dir='ltr'>Dei,</span> <span class='ocrx_word' id='word_1_193' title='bbox 447 2226 528 2298; x_wconf 85' lang='lat' dir='ltr'>quud</span> <span class='ocrx_word' id='word_1_194' title='bbox 552 2223 623 2281; x_wconf 78' lang='lat' dir='ltr'>alias</span> <span class='ocrx_word' id='word_1_195' title='bbox 646 2224 880 2298; x_wconf 73' lang='lat' dir='ltr'>pterophorian</span> <span class='ocrx_word' id='word_1_196' title='bbox 902 2230 980 2284; x_wconf 86' lang='lat' dir='ltr'>solet</span> <span class='ocrx_word' id='word_1_197' title='bbox 1002 2229 1126 2289; x_wconf 70' lang='lat' dir='ltr'>dicere.⁴</span> 
     </span>
     <span class='ocr_line' id='line_1_23' title="bbox 58 2304 1118 2394; baseline 0.001 -19"><span class='ocrx_word' id='word_1_198' title='bbox 58 2319 211 2394; x_wconf 85' lang='lat' dir='ltr'>lmposuit</span> <span class='ocrx_word' id='word_1_199' title='bbox 233 2327 332 2374; x_wconf 86' lang='lat' dir='ltr'>sutem</span> <span class='ocrx_word' id='word_1_200' title='bbox 355 2315 443 2372; x_wconf 88' lang='lat' dir='ltr'>nohis</span> <span class='ocrx_word' id='word_1_201' title='bbox 468 2315 655 2388; x_wconf 84' lang='lat' dir='ltr'>philosophia</span> <span class='ocrx_word' id='word_1_202' title='bbox 679 2317 708 2371; x_wconf 90' lang='lat' dir='ltr'>in</span> <span class='ocrx_word' id='word_1_203' title='bbox 729 2316 824 2372; x_wconf 86' lang='lat' dir='ltr'>verbo</span> <span class='ocrx_word' id='word_1_204' title='bbox 850 2318 900 2374; x_wconf 89' lang='lat' dir='ltr'>illo</span> <span class='ocrx_word' id='word_1_205' title='bbox 924 2304 1118 2391; x_wconf 60' lang='lat' dir='ltr'>hypostasis,</span> 
     </span>
     <span class='ocr_line' id='line_1_24' title="bbox 57 2399 1114 2484; baseline 0 -19"><span class='ocrx_word' id='word_1_206' title='bbox 57 2427 133 2484; x_wconf 82' lang='lat' dir='ltr'>quse</span> <span class='ocrx_word' id='word_1_207' title='bbox 151 2409 246 2466; x_wconf 89' lang='lat' dir='ltr'>utitur</span> <span class='ocrx_word' id='word_1_208' title='bbox 262 2424 296 2462; x_wconf 86' lang='lat' dir='ltr'>ea</span> <span class='ocrx_word' id='word_1_209' title='bbox 306 2423 361 2479; x_wconf 83' lang='lat' dir='ltr'>pro</span> <span class='ocrx_word' id='word_1_210' title='bbox 373 2404 534 2462; x_wconf 86' lang='lat' dir='ltr'>substantia</span> <span class='ocrx_word' id='word_1_211' title='bbox 553 2406 640 2460; x_wconf 83' lang='lat' dir='ltr'>relata</span> <span class='ocrx_word' id='word_1_212' title='bbox 658 2405 693 2461; x_wconf 84' lang='lat' dir='ltr'>sd</span> <span class='ocrx_word' id='word_1_213' title='bbox 705 2405 821 2476; x_wconf 77' lang='lat' dir='ltr'>salsum,</span> <span class='ocrx_word' id='word_1_214' title='bbox 838 2399 965 2477; x_wconf 82' lang='lat' dir='ltr'>vanum,</span> <span class='ocrx_word' id='word_1_215' title='bbox 982 2407 1114 2479; x_wconf 83' lang='lat' dir='ltr'>nihil,³)</span> 
     </span>
     <span class='ocr_line' id='line_1_25' title="bbox 56 2492 1113 2570; baseline 0 -13"><span class='ocrx_word' id='word_1_216' title='bbox 56 2492 217 2557; x_wconf 78' lang='lat' dir='ltr'>incertum.</span> <span class='ocrx_word' id='word_1_217' title='bbox 252 2498 299 2552; x_wconf 84' lang='lat' dir='ltr'>Sic</span> <span class='ocrx_word' id='word_1_218' title='bbox 321 2507 351 2551; x_wconf 90' lang='lat' dir='ltr'>et</span> <span class='ocrx_word' id='word_1_219' title='bbox 373 2495 409 2550; x_wconf 86' lang='lat' dir='ltr'>de</span> <span class='ocrx_word' id='word_1_220' title='bbox 427 2495 534 2550; x_wconf 84' lang='lat' dir='ltr'>divinis</span> <span class='ocrx_word' id='word_1_221' title='bbox 551 2498 688 2566; x_wconf 87' lang='lat' dir='ltr'>personis</span> <span class='ocrx_word' id='word_1_222' title='bbox 710 2495 849 2552; x_wconf 83' lang='lat' dir='ltr'>dicuntur</span> <span class='ocrx_word' id='word_1_223' title='bbox 863 2496 1059 2570; x_wconf 84' lang='lat' dir='ltr'>hypostases,</span> <span class='ocrx_word' id='word_1_224' title='bbox 1083 2499 1113 2557; x_wconf 82' lang='lat' dir='ltr'>itl</span> 
     </span>
     <span class='ocr_line' id='line_1_26' title="bbox 59 2580 1115 2658; baseline 0 -14"><span class='ocrx_word' id='word_1_225' title='bbox 59 2602 120 2658; x_wconf 86' lang='lat' dir='ltr'>est,</span> <span class='ocrx_word' id='word_1_226' title='bbox 138 2606 202 2644; x_wconf 91' lang='lat' dir='ltr'>non</span> <span class='ocrx_word' id='word_1_227' title='bbox 219 2587 309 2655; x_wconf 84' lang='lat' dir='ltr'>tales,</span> <span class='ocrx_word' id='word_1_228' title='bbox 327 2602 402 2658; x_wconf 87' lang='lat' dir='ltr'>quae</span> <span class='ocrx_word' id='word_1_229' title='bbox 418 2584 466 2639; x_wconf 88' lang='lat' dir='ltr'>vel</span> <span class='ocrx_word' id='word_1_230' title='bbox 484 2594 654 2640; x_wconf 82' lang='lat' dir='ltr'>suntvsnae</span> <span class='ocrx_word' id='word_1_231' title='bbox 672 2580 913 2655; x_wconf 81' lang='lat' dir='ltr'>antementitae,</span> <span class='ocrx_word' id='word_1_232' title='bbox 931 2589 984 2644; x_wconf 88' lang='lat' dir='ltr'>sed</span> <span class='ocrx_word' id='word_1_233' title='bbox 1002 2603 1051 2644; x_wconf 85' lang='lat' dir='ltr'>res</span> <span class='ocrx_word' id='word_1_234' title='bbox 1062 2605 1115 2644; x_wconf 84' lang='lat' dir='ltr'>ve.</span> 
     </span>
     <span class='ocr_line' id='line_1_27' title="bbox 59 2672 1114 2752; baseline 0 -19"><span class='ocrx_word' id='word_1_235' title='bbox 59 2696 128 2741; x_wconf 85' lang='lat' dir='ltr'>rae,</span> <span class='ocrx_word' id='word_1_236' title='bbox 144 2675 283 2743; x_wconf 82' lang='lat' dir='ltr'>stabiles,</span> <span class='ocrx_word' id='word_1_237' title='bbox 301 2675 509 2730; x_wconf 85' lang='lat' dir='ltr'>subsistentes.</span> <span class='ocrx_word' id='word_1_238' title='bbox 543 2672 634 2728; x_wconf 84' lang='lat' dir='ltr'>Nunc</span> <span class='ocrx_word' id='word_1_239' title='bbox 652 2674 736 2729; x_wconf 78' lang='lat' dir='ltr'>facile</span> <span class='ocrx_word' id='word_1_240' title='bbox 749 2672 923 2744; x_wconf 79' lang='lat' dir='ltr'>&#39;intelligitur</span> <span class='ocrx_word' id='word_1_241' title='bbox 939 2677 1027 2735; x_wconf 84' lang='lat' dir='ltr'>illud:</span> <span class='ocrx_word' id='word_1_242' title='bbox 1050 2676 1114 2752; x_wconf 74' lang='lat' dir='ltr'>ty·</span> 
     </span>
     <span class='ocr_line' id='line_1_28' title="bbox 56 2762 1112 2841; baseline 0.005 -19"><span class='ocrx_word' id='word_1_243' title='bbox 56 2767 202 2841; x_wconf 75' lang='lat' dir='ltr'>portaris</span> <span class='ocrx_word' id='word_1_244' title='bbox 211 2774 322 2820; x_wconf 81' lang='lat' dir='ltr'>rerum</span> <span class='ocrx_word' id='word_1_245' title='bbox 332 2762 587 2836; x_wconf 81' lang='lat' dir='ltr'>sperandarum,</span> <span class='ocrx_word' id='word_1_246' title='bbox 602 2764 626 2819; x_wconf 91' lang='lat' dir='ltr'>si</span> <span class='ocrx_word' id='word_1_247' title='bbox 638 2765 765 2836; x_wconf 85' lang='lat' dir='ltr'>primum</span> <span class='ocrx_word' id='word_1_248' title='bbox 778 2764 891 2833; x_wconf 85' lang='lat' dir='ltr'>rejecto</span> <span class='ocrx_word' id='word_1_249' title='bbox 904 2766 1112 2841; x_wconf 71' lang='lat' dir='ltr'>philosophias</span> 
     </span>
     <span class='ocr_line' id='line_1_29' title="bbox 58 2850 1160 2931; baseline 0.003 -18"><span class='ocrx_word' id='word_1_250' title='bbox 58 2874 149 2914; x_wconf 82' lang='lat' dir='ltr'>sensu</span> <span class='ocrx_word' id='word_1_251' title='bbox 164 2850 196 2924; x_wconf 78' lang='lat' dir='ltr'>l)</span> <span class='ocrx_word' id='word_1_252' title='bbox 214 2857 368 2928; x_wconf 80' lang='lat' dir='ltr'>acciperes</span> <span class='ocrx_word' id='word_1_253' title='bbox 379 2856 466 2924; x_wconf 87' lang='lat' dir='ltr'>juxta</span> <span class='ocrx_word' id='word_1_254' title='bbox 482 2854 608 2913; x_wconf 85' lang='lat' dir='ltr'>verbnm</span> <span class='ocrx_word' id='word_1_255' title='bbox 625 2853 703 2924; x_wconf 86' lang='lat' dir='ltr'>Dei,</span> <span class='ocrx_word' id='word_1_256' title='bbox 721 2855 750 2909; x_wconf 90' lang='lat' dir='ltr'>in</span> <span class='ocrx_word' id='word_1_257' title='bbox 768 2851 829 2925; x_wconf 74' lang='lat' dir='ltr'>qu&#39;o</span> <span class='ocrx_word' id='word_1_258' title='bbox 846 2873 906 2911; x_wconf 89' lang='lat' dir='ltr'>non</span> <span class='ocrx_word' id='word_1_259' title='bbox 923 2875 971 2921; x_wconf 82' lang='lat' dir='ltr'>res</span> <span class='ocrx_word' id='word_1_260' title='bbox 990 2867 1124 2931; x_wconf 69' lang='lat' dir='ltr'>sperata.⁴</span> <span class='ocrx_word' id='word_1_261' title='bbox 1158 2888 1160 2893; x_wconf 94' lang='lat'>·</span> 
     </span>
     <span class='ocr_line' id='line_1_30' title="bbox 58 2943 1125 3020; baseline 0.002 -18"><span class='ocrx_word' id='word_1_262' title='bbox 58 2949 111 3002; x_wconf 75' lang='lat' dir='ltr'>dae</span> <span class='ocrx_word' id='word_1_263' title='bbox 128 2946 248 3019; x_wconf 81' lang='lat' dir='ltr'>concipi</span> <span class='ocrx_word' id='word_1_264' title='bbox 265 2955 391 3017; x_wconf 89' lang='lat' dir='ltr'>possunt</span> <span class='ocrx_word' id='word_1_265' title='bbox 408 2945 493 3008; x_wconf 88' lang='lat' dir='ltr'>(curn</span> <span class='ocrx_word' id='word_1_266' title='bbox 510 2943 584 2998; x_wconf 90' lang='lat' dir='ltr'>nihil</span> <span class='ocrx_word' id='word_1_267' title='bbox 602 2943 687 3010; x_wconf 79' lang='lat' dir='ltr'>sint),</span> <span class='ocrx_word' id='word_1_268' title='bbox 705 2944 761 2997; x_wconf 87' lang='lat' dir='ltr'>nisi</span> <span class='ocrx_word' id='word_1_269' title='bbox 780 2944 874 2999; x_wconf 87' lang='lat' dir='ltr'>verbo</span> <span class='ocrx_word' id='word_1_270' title='bbox 890 2956 1125 3020; x_wconf 54' lang='lat' dir='ltr'>proponantur,</span> 
     </span>
     <span class='ocr_line' id='line_1_31' title="bbox 59 3031 1116 3107; baseline 0.002 -15"><span class='ocrx_word' id='word_1_271' title='bbox 59 3039 124 3092; x_wconf 74' lang='lat' dir='ltr'>sire</span> <span class='ocrx_word' id='word_1_272' title='bbox 135 3052 227 3100; x_wconf 86' lang='lat' dir='ltr'>reru,</span> <span class='ocrx_word' id='word_1_273' title='bbox 243 3044 276 3089; x_wconf 92' lang='grc' dir='ltr'>ιιι</span> <span class='ocrx_word' id='word_1_274' title='bbox 294 3044 341 3089; x_wconf 84' lang='lat' dir='ltr'>est</span> <span class='ocrx_word' id='word_1_275' title='bbox 356 3033 433 3099; x_wconf 87' lang='lat' dir='ltr'>Dei,</span> <span class='ocrx_word' id='word_1_276' title='bbox 450 3032 512 3088; x_wconf 82' lang='lat' dir='ltr'>sive</span> <span class='ocrx_word' id='word_1_277' title='bbox 529 3031 620 3100; x_wconf 83' lang='lat' dir='ltr'>laiso,</span> <span class='ocrx_word' id='word_1_278' title='bbox 638 3041 671 3085; x_wconf 91' lang='lat' dir='ltr'>ut</span> <span class='ocrx_word' id='word_1_279' title='bbox 687 3043 734 3086; x_wconf 89' lang='lat' dir='ltr'>est</span> <span class='ocrx_word' id='word_1_280' title='bbox 745 3031 908 3087; x_wconf 86' lang='lat' dir='ltr'>hominum.</span> <span class='ocrx_word' id='word_1_281' title='bbox 943 3036 1061 3092; x_wconf 86' lang='lat' dir='ltr'>Deinde</span> <span class='ocrx_word' id='word_1_282' title='bbox 1070 3047 1116 3107; x_wconf 39' lang='lat' dir='ltr'>ne·</span> 
     </span>
     <span class='ocr_line' id='line_1_32' title="bbox 58 3111 1121 3199; baseline -0.001 -18"><span class='ocrx_word' id='word_1_283' title='bbox 58 3124 233 3198; x_wconf 76' lang='lat' dir='ltr'>hypostasin</span> <span class='ocrx_word' id='word_1_284' title='bbox 250 3137 352 3178; x_wconf 83' lang='lat' dir='ltr'>terum</span> <span class='ocrx_word' id='word_1_285' title='bbox 369 3121 512 3190; x_wconf 84' lang='lat' dir='ltr'>intelligas</span> <span class='ocrx_word' id='word_1_286' title='bbox 529 3114 742 3192; x_wconf 84' lang='lat' dir='ltr'>philosophico</span> <span class='ocrx_word' id='word_1_287' title='bbox 759 3118 844 3177; x_wconf 87' lang='lat' dir='ltr'>more</span> <span class='ocrx_word' id='word_1_288' title='bbox 860 3138 915 3179; x_wconf 86' lang='lat' dir='ltr'>seu</span> <span class='ocrx_word' id='word_1_289' title='bbox 929 3111 1121 3199; x_wconf 55' lang='lat' dir='ltr'>formaliter,</span> 
     </span>
     <span class='ocr_line' id='line_1_33' title="bbox 57 3209 1115 3290; baseline 0.004 -20"><span class='ocrx_word' id='word_1_290' title='bbox 57 3216 144 3290; x_wconf 83' lang='lat' dir='ltr'>qussi</span> <span class='ocrx_word' id='word_1_291' title='bbox 161 3230 212 3270; x_wconf 90' lang='lat' dir='ltr'>res</span> <span class='ocrx_word' id='word_1_292' title='bbox 229 3215 345 3268; x_wconf 75' lang='lat' dir='ltr'>futurae</span> <span class='ocrx_word' id='word_1_293' title='bbox 362 3209 489 3265; x_wconf 83' lang='lat' dir='ltr'>habeant</span> <span class='ocrx_word' id='word_1_294' title='bbox 505 3209 697 3268; x_wconf 80' lang='lat' dir='ltr'>substantiam</span> <span class='ocrx_word' id='word_1_295' title='bbox 716 3227 755 3265; x_wconf 84' lang='lat' dir='ltr'>ex</span> <span class='ocrx_word' id='word_1_296' title='bbox 773 3213 847 3278; x_wconf 84' lang='lat' dir='ltr'>lide,</span> <span class='ocrx_word' id='word_1_297' title='bbox 865 3225 896 3268; x_wconf 89' lang='lat' dir='ltr'>et</span> <span class='ocrx_word' id='word_1_298' title='bbox 912 3214 983 3270; x_wconf 82' lang='lat' dir='ltr'>fides</span> <span class='ocrx_word' id='word_1_299' title='bbox 1002 3217 1040 3285; x_wconf 77' lang='lat' dir='ltr'>sit</span> <span class='ocrx_word' id='word_1_300' title='bbox 1051 3219 1115 3287; x_wconf 41' lang='lat' dir='ltr'>lor,</span> 
     </span>
     <span class='ocr_line' id='line_1_34' title="bbox 56 3301 1113 3380; baseline 0.003 -19"><span class='ocrx_word' id='word_1_301' title='bbox 56 3307 158 3374; x_wconf 84' lang='lat' dir='ltr'>malis,</span> <span class='ocrx_word' id='word_1_302' title='bbox 176 3303 342 3380; x_wconf 78' lang='lat' dir='ltr'>essentialis</span> <span class='ocrx_word' id='word_1_303' title='bbox 359 3317 428 3373; x_wconf 84' lang='lat' dir='ltr'>pars</span> <span class='ocrx_word' id='word_1_304' title='bbox 446 3315 544 3365; x_wconf 81' lang='lat' dir='ltr'>rerum</span> <span class='ocrx_word' id='word_1_305' title='bbox 562 3301 782 3370; x_wconf 81' lang='lat' dir='ltr'>sperandarum.</span> <span class='ocrx_word' id='word_1_306' title='bbox 816 3303 865 3356; x_wconf 89' lang='lat' dir='ltr'>Sic</span> <span class='ocrx_word' id='word_1_307' title='bbox 882 3301 940 3359; x_wconf 86' lang='lat' dir='ltr'>vita</span> <span class='ocrx_word' id='word_1_308' title='bbox 958 3316 1005 3361; x_wconf 82' lang='lat' dir='ltr'>est</span> <span class='ocrx_word' id='word_1_309' title='bbox 1016 3308 1113 3380; x_wconf 46' lang='lat' dir='ltr'>hypo,</span> 
     </span>
     <span class='ocr_line' id='line_1_35' title="bbox 56 3387 1117 3469; baseline -0.001 -17"><span class='ocrx_word' id='word_1_310' title='bbox 56 3394 296 3467; x_wconf 49' lang='lat' dir='ltr'>stasis‘cotporis</span> <span class='ocrx_word' id='word_1_311' title='bbox 312 3390 456 3458; x_wconf 81' lang='lat' dir='ltr'>viventis,</span> <span class='ocrx_word' id='word_1_312' title='bbox 475 3389 527 3445; x_wconf 86' lang='lat' dir='ltr'>sed</span> <span class='ocrx_word' id='word_1_313' title='bbox 539 3405 622 3444; x_wconf 88' lang='lat' dir='ltr'>more</span> <span class='ocrx_word' id='word_1_314' title='bbox 635 3387 772 3444; x_wconf 82' lang='lat' dir='ltr'>Hebraeo</span> <span class='ocrx_word' id='word_1_315' title='bbox 785 3401 814 3446; x_wconf 93' lang='lat' dir='ltr'>et</span> <span class='ocrx_word' id='word_1_316' title='bbox 826 3394 1009 3466; x_wconf 77' lang='lat' dir='ltr'>Scripturas,</span> <span class='ocrx_word' id='word_1_317' title='bbox 1027 3390 1117 3469; x_wconf 81' lang='lat' dir='ltr'>quod&#39;</span> 
     </span>
     <span class='ocr_line' id='line_1_36' title="bbox 56 3467 1118 3558; baseline 0.001 -16"><span class='ocrx_word' id='word_1_318' title='bbox 56 3489 94 3542; x_wconf 88' lang='lat' dir='ltr'>sit</span> <span class='ocrx_word' id='word_1_319' title='bbox 116 3483 291 3557; x_wconf 78' lang='lat' dir='ltr'>hypostasis</span> <span class='ocrx_word' id='word_1_320' title='bbox 316 3496 416 3535; x_wconf 89' lang='lat' dir='ltr'>rerum</span> <span class='ocrx_word' id='word_1_321' title='bbox 440 3479 503 3535; x_wconf 86' lang='lat' dir='ltr'>sive</span> <span class='ocrx_word' id='word_1_322' title='bbox 528 3477 564 3532; x_wconf 87' lang='lat' dir='ltr'>de</span> <span class='ocrx_word' id='word_1_323' title='bbox 586 3477 693 3546; x_wconf 86' lang='lat' dir='ltr'>rehus,</span> <span class='ocrx_word' id='word_1_324' title='bbox 708 3467 738 3545; x_wconf 80' lang='lat'>⁵)</span> <span class='ocrx_word' id='word_1_325' title='bbox 764 3497 839 3551; x_wconf 87' lang='lat' dir='ltr'>quas</span> <span class='ocrx_word' id='word_1_326' title='bbox 861 3500 910 3538; x_wconf 84' lang='lat' dir='ltr'>res</span> <span class='ocrx_word' id='word_1_327' title='bbox 929 3484 993 3556; x_wconf 87' lang='lat' dir='ltr'>ipsa</span> <span class='ocrx_word' id='word_1_328' title='bbox 1008 3476 1118 3558; x_wconf 63' lang='lat' dir='ltr'>videi,</span> 
     </span>
     <span class='ocr_line' id='line_1_37' title="bbox 57 3570 1179 3656; baseline 0.003 -25"><span class='ocrx_word' id='word_1_329' title='bbox 57 3572 288 3648; x_wconf 85' lang='lat' dir='ltr'>comprehendit</span> <span class='ocrx_word' id='word_1_330' title='bbox 311 3570 474 3631; x_wconf 87' lang='lat' dir='ltr'>indubitato</span> <span class='ocrx_word' id='word_1_331' title='bbox 500 3578 529 3622; x_wconf 90' lang='lat' dir='ltr'>et</span> <span class='ocrx_word' id='word_1_332' title='bbox 554 3575 637 3655; x_wconf 68' lang='lat' dir='ltr'>certo</span> <span class='ocrx_word' id='word_1_333' title='bbox 665 3583 767 3625; x_wconf 86' lang='lat' dir='ltr'>sensu.</span> <span class='ocrx_word' id='word_1_334' title='bbox 802 3570 882 3626; x_wconf 86' lang='lat' dir='ltr'>Haeo</span> <span class='ocrx_word' id='word_1_335' title='bbox 911 3584 957 3629; x_wconf 84' lang='lat' dir='ltr'>est</span> <span class='ocrx_word' id='word_1_336' title='bbox 980 3574 1114 3656; x_wconf 78' lang='lat' dir='ltr'>tides-in¹</span> <span class='ocrx_word' id='word_1_337' title='bbox 1175 3619 1179 3634; x_wconf 83' lang='lat'><em>.</em></span> 
     </span>
     <span class='ocr_line' id='line_1_38' title="bbox 57 3654 1111 3736; baseline 0 -14"><span class='ocrx_word' id='word_1_338' title='bbox 57 3665 152 3722; x_wconf 81' lang='lat' dir='ltr'>serbo</span> <span class='ocrx_word' id='word_1_339' title='bbox 168 3664 248 3730; x_wconf 84' lang='lat' dir='ltr'>Dei,</span> <span class='ocrx_word' id='word_1_340' title='bbox 266 3676 342 3733; x_wconf 84' lang='lat' dir='ltr'>quae</span> <span class='ocrx_word' id='word_1_341' title='bbox 361 3676 419 3714; x_wconf 92' lang='lat' dir='ltr'>non</span> <span class='ocrx_word' id='word_1_342' title='bbox 437 3657 593 3721; x_wconf 88' lang='lat' dir='ltr'>mentitur,</span> <span class='ocrx_word' id='word_1_343' title='bbox 611 3666 642 3711; x_wconf 92' lang='lat' dir='ltr'>et</span> <span class='ocrx_word' id='word_1_344' title='bbox 658 3655 730 3712; x_wconf 83' lang='lat' dir='ltr'>fides</span> <span class='ocrx_word' id='word_1_345' title='bbox 748 3659 778 3712; x_wconf 91' lang='lat' dir='ltr'>in</span> <span class='ocrx_word' id='word_1_346' title='bbox 795 3659 891 3731; x_wconf 81' lang='lat' dir='ltr'>ipsum</span> <span class='ocrx_word' id='word_1_347' title='bbox 907 3654 1111 3736; x_wconf 41' lang='lat' dir='ltr'>nonvtatticl)</span> 
     </span>
    </p>
   </div>
   <div class='ocr_carea' id='block_1_5' title="bbox 54 3914 1173 4113">
    <p class='ocr_par' dir='ltr' id='par_1_5' title="bbox 54 3914 1173 4113">
     <span class='ocr_line' id='line_1_39' title="bbox 88 3914 1173 4020; baseline 0 -9"><span class='ocrx_word' id='word_1_348' title='bbox 88 3924 126 4012; x_wconf 66' lang='grc' dir='ltr'>ἰι</span> <span class='ocrx_word' id='word_1_349' title='bbox 143 3958 257 4011; x_wconf 68' lang='lat' dir='ltr'>eseia</span> <span class='ocrx_word' id='word_1_350' title='bbox 275 3949 345 4004; x_wconf 72' lang='grc' dir='ltr'>ιιιιι.</span> <span class='ocrx_word' id='word_1_351' title='bbox 380 3933 576 4020; x_wconf 53' lang='lat' dir='ltr'>‘aesica</span> <span class='ocrx_word' id='word_1_352' title='bbox 593 3978 618 3990; x_wconf 88' lang='lat'>-</span> <span class='ocrx_word' id='word_1_353' title='bbox 635 3953 723 4001; x_wconf 69' lang='grc' dir='ltr'>ιιιιω.</span> <span class='ocrx_word' id='word_1_354' title='bbox 772 3956 794 4006; x_wconf 79' lang='lat' dir='ltr'>a</span> <span class='ocrx_word' id='word_1_355' title='bbox 812 3953 872 4006; x_wconf 77' lang='lat' dir='ltr'>ss.</span> <span class='ocrx_word' id='word_1_356' title='bbox 891 3955 953 4005; x_wconf 81' lang='lat' dir='ltr'>nc.</span> <span class='ocrx_word' id='word_1_357' title='bbox 966 3914 1115 4015; x_wconf 61' lang='grc' dir='ltr'>ιιιιιιί·</span> <span class='ocrx_word' id='word_1_358' title='bbox 1172 3939 1173 3942; x_wconf 72' lang='grc'>’</span> 
     </span>
     <span class='ocr_line' id='line_1_40' title="bbox 54 4024 1112 4113; baseline -0.004 -25"><span class='ocrx_word' id='word_1_359' title='bbox 54 4033 322 4110; x_wconf 63' lang='lat' dir='ltr'>sesostres.</span> <span class='ocrx_word' id='word_1_360' title='bbox 372 4029 625 4111; x_wconf 52' lang='lat' dir='ltr'>§juditiisttttss</span> <span class='ocrx_word' id='word_1_361' title='bbox 659 4024 988 4109; x_wconf 55' lang='lat' dir='ltr'>littl·0··li3fsllituti},‘</span> <span class='ocrx_word' id='word_1_362' title='bbox 1029 4091 1051 4113; x_wconf 80' lang='grc' dir='ltr'> </span> <span class='ocrx_word' id='word_1_363' title='bbox 1096 4064 1112 4107; x_wconf 66' lang='lat'><strong>3</strong></span> 
     </span>
    </p>
   </div>
   <div class='ocr_carea' id='block_1_6' title="bbox 0 0 1312 4710">
    <p class='ocr_par' dir='ltr' id='par_1_6' title="bbox 0 0 1312 4710">
     <span class='ocr_line' id='line_1_41' title="bbox 0 0 1312 4710; baseline 0 2"><span class='ocrx_word' id='word_1_364' title='bbox 0 0 1312 4710; x_wconf 95' lang='lat' dir='ltr'> </span> 
     </span>
    </p>
   </div>
  </div>
 </body>
</html>
