2730 4724
139 342 200 413 600
448 400 454 417 ,
616 341 707 411 tels.

139 486 330 561 Reverendo
342 484 376 557 iri
394 486 521 559 Clrristo
537 503 635 572 Viro,
652 472 696 559 D.
710 501 852 559 Nicolao
864 499 906 558 ab
918 499 1095 576 Amsdors,
1111 499 1175 572 Ept-

202 610 296 665 scopo
314 593 478 648 Ecclesiae
496 590 753 668 Numburqerrsis
772 591 898 650 sincero
916 600 949 649 et
966 610 1058 663 ceto,
1083 592 1177 648 sucin

205 681 346 737 Domino
365 683 506 752 Mcp'ori.
690 675 701 687 '‘

138 782 193 873 G·
213 839 242 882 et
257 828 292 884 P.
307 829 336 883 in
348 829 492 885 Domino.
521 829 589 900 lpse
603 829 676 885 mihi
688 845 783 900 usque
797 830 833 882 ad
847 829 1065 901 impatientiam
1076 828 1178 892 irascor,

136 918 322 974 Reverendo·
334 920 363 973 in
380 919 515 974 Domino
533 919 601 986 Vir,
627 918 676 990 qui
693 918 782 973 toties
800 918 1015 973 constituerim
1032 919 1069 973 ad
1085 930 1112 972 te
1128 934 1177 988 pro

139 1007 250 1075 ficisci,
268 1019 297 1063 et
311 994 380 1063 cum
393 1010 515 1078 jamjam
533 1026 632 1064 essem
645 1009 776 1063 abiturus
789 1009 939 1076 crastino,
958 1009 1099 1063 omuibus
1114 1008 1179 1061 ador.

136 1099 231 1164 natis,
255 1108 352 1153 tamen
371 1099 451 1154 venit
469 1115 588 1170 semper
604 1098 698 1170 aliqua
716 1115 822 1166 cause,
846 1114 924 1170 quae
950 1099 1106 1169 impediret
1128 1113 1178 1168 pm

139 1188 272 1259 positum
284 1204 393 1242 meum.
429 1187 623 1243 Permittente
636 1189 706 1243 Deo
724 1191 770 1251 (ut
780 1188 912 1254 videtur)
931 1189 1021 1245 Satan
1034 1189 1176 1245 secundun

136 1293 247 1334 nomen
265 1294 353 1332 suum
369 1276 441 1332 mihi
461 1279 498 1333 ita
512 1279 693 1333 adversatur.
729 1277 830 1352 Quare
843 1278 1006 1350 deinceps,
1024 1280 1051 1335 si
1063 1280 1178 1334 voluntat

136 1367 201 1423 Dei
219 1368 359 1435 voluerit,
377 1383 417 1422 ex
434 1367 530 1423 subita
547 1367 642 1439 aliqua
659 1368 818 1423 occasione
835 1366 992 1436 conabor,
1011 1370 1101 1429 etiem
1116 1382 1179 1440 pree.

140 1466 189 1511 ter
210 1458 395 1528 propositum
418 1458 452 1511 ed
476 1469 506 1512 te
530 1458 680 1513 advolare.
715 1456 934 1531 Cupidissimus
961 1459 1044 1514 enirn
1061 1475 1142 1524 eum,
1160 1465 1178 1511 tt

138 1546 236 1601 adhuc
254 1547 347 1601 semel
364 1547 483 1601 videndi
501 1559 566 1602 ante
583 1563 685 1601 meum
701 1547 868 1602 decessum.
900 1546 979 1603 Erat
997 1558 1087 1621 ceput
1099 1562 1179 1602 meon

138 1635 350 1706 qualicumque
367 1636 532 1690 valetudine
549 1635 711 1702 firmatum,
729 1635 841 1691 etiamsi
859 1637 998 1691 cauterio
1011 1637 1178 1692 medicorun

138 1740 209 1780 crue
227 1736 382 1780 vexatum:
400 1734 497 1783 tamen
514 1742 575 1779 non
594 1724 765 1795 impedisset
782 1724 838 1778 iter
854 1739 969 1779 meum.
1003 1725 1115 1782 Parent
1125 1720 1179 1780 mibi

138 1814 264 1869 fluorem
280 1816 310 1870 ln
327 1815 446 1870 sinistro
464 1831 568 1883 crure,
592 1814 645 1869 sed
664 1813 810 1869 hactenus
831 1814 1010 1884 infeliciter,
1035 1817 1127 1871 veluti
1145 1829 1179 1869 οι

138 1904 192 1978 piti
216 1919 285 1960 meo
303 1906 476 1963 consulturi.
508 1903 619 1960 Verum
643 1921 697 1974 ego
723 1904 813 1959 credo
836 1903 980 1959 morbum
1005 1921 1109 1960 meum
1130 1919 1179 1959 esst

140 2006 345 2059 senectutem,
371 1995 475 2049 deinde
496 1995 612 2050 labores
636 2004 665 2049 et
683 1993 876 2062 cogitationes
893 1991 1178 2058 vehementissimas,

139 2083 271 2142 maxime
295 2099 368 2137 vero
392 2082 537 2153 colaphos
561 2083 691 2139 Satanae.
725 2082 832 2137 Contra
856 2098 932 2155 quae
962 2086 1066 2138 omnia
1090 2087 1179 2138 frustn

139 2170 214 2226 mihi
232 2171 396 2227 medebitur
412 2173 551 2227 universa
568 2172 724 2228 medicina.
757 2173 876 2227 Tamen
900 2173 978 2229 cedo
997 2175 1118 2230 illorum
1132 2171 1180 2244 opi.

137 2261 296 2329 nionibus,
320 2279 358 2316 ne
382 2260 454 2315 mihi
479 2262 581 2315 videar
606 2262 756 2329 inimicus,
781 2263 895 2317 etiarnsi
915 2265 1039 2319 credam
1058 2261 1180 2320 eostrttt

140 2349 184 2412 ὗε
200 2348 232 2415 tt
249 2363 295 2409 um
312 2350 362 2408 t'tn
380 2349 474 2417 latim
487 2349 635 2419 &circinum
652 2365 683 2422 tt
700 2350 786 2417 thum
804 2350 929 2410 ter-otu
946 2350 991 2420 td>
1007 2354 1079 2414 itm
1091 2364 1179 2425 neem

139 2438 242 2507 buitta
267 2437 295 2504 id
314 2437 405 2507 billis.
440 2441 518 2495 Nam
536 2443 641 2496 iterum
659 2455 747 2512 caput
764 2428 863 2512 coepit
887 2441 970 2507 (sine
990 2446 1097 2510 causa)
1116 2443 1181 2500 leto

140 2546 217 2587 rare.
249 2529 316 2600 Ego
334 2531 465 2585 Salonam
484 2546 551 2585 esse
569 2531 670 2585 oredo.
864 2556 867 2563 ·

207 2637 288 2692 Haec
307 2636 372 2691 ideo
391 2636 508 2703 scribo,
526 2648 557 2690 ut
575 2636 651 2691 scias
669 2652 814 2720 summnm
832 2650 899 2692 esse
911 2637 986 2693 mihi
999 2639 1181 2701 voluntatem,

142 2743 232 2800 quam
251 2727 378 2798 primum
396 2726 482 2780 Deus
500 2726 629 2794 dederit,
647 2726 679 2779 ad
698 2738 727 2782 te
745 2727 887 2781 veniendi.

208 2832 257 2888 De
275 2832 457 2888 novitatibus
475 2831 548 2887 nihil
566 2834 649 2901 scio,
674 2851 770 2905 neque
794 2849 974 2905 tnagnopere
1000 2835 1092 2908 cupio
1109 2835 1182 2890 seire·

55 2976 59 2985 ,
141 2921 279 2980 Mundus
296 2933 343 2976 est
360 2922 505 2990 mundus,
523 2922 737 2991 frotmundus,
756 2927 809 2980 erit
824 2922 972 2989 mundus,
991 2926 1043 2996 qui
1057 2921 1182 2979 nihilscit

142 3029 200 3066 nec
217 3013 293 3066 scire
312 3012 392 3082 cupit
409 3011 445 3064 rle
463 3011 592 3066 Christo.
626 3011 683 3067 Eat
700 3029 770 3082 ergo
789 3014 849 3068 suis
867 3013 941 3080 viis,
958 3024 991 3068 ut
1010 3013 1182 3070 Clrristuset

142 3117 201 3158 nos
219 3102 305 3156 etiam
316 3101 395 3175 pihil
413 3101 450 3155 de
474 3118 510 3156 eo
534 3104 679 3158 sciamus:
706 3104 761 3157 nist
785 3103 864 3172 quod
889 3100 951 3157 hoc
975 3105 1113 3171 scimur,
1136 3117 1181 3158 nor

144 3206 211 3246 esse
223 3209 294 3246 vera
311 3208 367 3246 nec
384 3192 496 3257 futura,
514 3209 588 3263 quae
599 3192 728 3247 mundus
740 3192 797 3246 scit
809 3202 836 3246 et
848 3193 945 3263 cupit,
963 3195 1034 3264 quia
1052 3195 1182 3266 scriptun

142 3290 203 3336 est:
222 3279 364 3334 Vanitas
377 3279 584 3334 omnishomo
596 3280 717 3336 vivens:
740 3287 832 3349 ettu,
849 3280 1005 3350 Domine,
1022 3283 1182 3358 inraqinern

143 3386 254 3426 eorum
278 3370 325 3424 ad
344 3368 481 3423 nihilum
503 3369 637 3442 rediqes.
670 3369 871 3424 Nihilominus
895 3385 1022 3439 pergunt
1047 3374 1145 3427 furere
1161 3378 1182 3423 et

142 3458 237 3514 indies
255 3461 374 3529 pejores
393 3459 466 3513 fieri.
500 3459 585 3536 Quae
608 3474 657 3514 res
681 3475 817 3529 magnum
839 3468 885 3514 est
905 3461 1062 3529 solatium,
1089 3465 1181 3517 instare

144 3548 222 3601 diem
249 3549 389 3604 adventus
417 3549 524 3617 gloriae
550 3547 619 3604 Dei.
665 3547 744 3604 Nam
771 3548 817 3603 ille
844 3549 1001 3605 indicibilis
1028 3561 1182 3607 contemtus

143 3636 227 3690 verbi
245 3650 273 3691 et
290 3638 417 3706 gemitus
436 3639 552 3709 plorum
571 3637 769 3692 inenarrabilis
787 3639 949 3707 significant
965 3644 1110 3697 mundum
1126 3654 1181 3695 esse

144 3727 296 3793 traditum,
313 3736 346 3781 ut
363 3729 508 3783 acceleret
527 3730 603 3783 diem
621 3729 794 3800 perditionis
812 3743 883 3783 suae
900 3740 929 3783 et
944 3729 1048 3786 salutis
1064 3744 1180 3793 nostrie,

144 3819 261 3882 Amen,
285 3815 349 3883 flat,
368 3820 475 3873 Amen.
509 3819 557 3873 Sic
575 3829 637 3873 erat
653 3820 780 3877 mundus
798 3830 863 3872 ante
881 3818 1044 3889 diluvium,
1068 3822 1112 3876 sic
1127 3827 1179 3873 rute

144 3904 342 3977 captivitatem
359 3906 557 3978 Babyloniae,
574 3911 615 3963 cic
628 3921 693 3963 unte
708 3908 852 3963 excidium
865 3907 1054 3984 ierusalem,
1070 3910 1113 3964 sic
1127 3917 1178 3961 ente

144 3993 308 4053 vastitatem
324 3994 459 4064 Romre,
484 3998 528 4054 sic
550 4010 617 4056 aute
637 3998 785 4068 miseriem
803 3997 948 4056 Graeciae
966 4009 994 4056 et
1012 3999 1177 4072 Hungerlre,
