2730 4724
139 328 204 398 2⁴⁰
619 335 710 403 ¹539.

205 487 287 544 llaec
305 489 478 560 referimus,
495 462 529 546 ui
546 491 731 559 consideret,
748 490 848 560 Deam
866 489 985 545 adtulit
1002 505 1066 546 uon
1083 488 1190 557 ridere,

140 590 231 649 prout
252 580 341 652 aliqui
364 582 489 636 audaces
507 581 579 636 flunt
603 592 632 635 et
655 581 787 635 ethnicas
812 581 1007 650 cogitationes
1031 580 1132 636 anieno
1149 581 1191 635 io.

140 681 217 722 vent.
253 669 395 729 Libenter
416 688 536 743 quoque
559 671 776 738 intelleximus,
802 671 939 727 Vestram
956 671 1038 726 Cels.
1056 671 1100 725 ub
1117 671 1191 740 ejus.

140 757 221 812 modi
238 759 307 813 vitia
324 761 388 828 angi
407 772 436 815 et
453 762 607 843 conqueri.
644 760 822 814 incumbunt
838 761 916 815 Cels.
933 760 1066 816 Vestrae·
1075 761 1190 830 negotia

140 857 237 903 totum
253 851 394 904 mundum
411 852 631 906 concernentia:
654 852 767 904 accedit
784 849 863 904 Cela.
881 849 1003 905 Vestrae
1019 835 1198 923 complexio¹
1224 876 1227 881 ·

141 937 256 992 subtilis
274 951 302 994 et
320 941 438 994 minime
457 940 596 1006 robusta,
615 956 648 993 ac
667 941 752 1010 pauci
769 940 882 1008 somni,
907 939 984 994 unde
1001 942 1110 995 merito
1129 957 1191 995 cor.

140 1027 207 1098 pori
225 1030 405 1097 parcendum
423 1040 518 1096 esset,
536 1030 783 1099 quemadmodum
798 1029 881 1083 multi
899 1028 945 1083 alii
963 1030 1064 1084 facere
1082 1046 1190 1098 cogam

140 1104 198 1172 tur.
231 1117 354 1187 Legitur
371 1120 406 1172 de
426 1119 624 1174 laudatissimo
642 1119 779 1190 Principe
794 1118 1019 1188 Scanderbego,
1036 1120 1088 1191 qui
1106 1120 1191 1174 mults

139 1208 290 1280 praeclara
306 1209 438 1263 facinora
456 1210 579 1280 patravit
597 1220 700 1263 contra
712 1209 789 1262 ditos
801 1208 975 1263 Turcarum
993 1207 1191 1280 Imperatores

141 1299 339 1354 Amurathem
357 1309 384 1352 et
404 1298 630 1367 Mahometum,
648 1309 678 1354 et
695 1297 871 1367 Graeciam,
889 1300 959 1352 dum
975 1298 1111 1368 vireret,
1133 1301 1192 1355 feli.

141 1390 216 1444 citer
242 1390 332 1445 tuitus
358 1398 405 1443 eat
429 1405 462 1441 ac
482 1388 680 1442 conservavit.
716 1387 771 1441 llic
793 1389 910 1457 saepius
934 1404 1005 1444 suos
1023 1390 1134 1445 milites
1160 1390 1192 1445 ad

139 1480 343 1535 castimoniam
367 1478 480 1532 hortari
505 1477 620 1531 attditus
646 1488 675 1533 et
699 1477 814 1533 dicere:
839 1477 948 1533 nullam
974 1494 1039 1532 rem
1066 1480 1193 1535 fortibus

139 1568 211 1622 viris
228 1583 321 1639 aeque
339 1568 452 1621 animos
470 1556 609 1632 demere,
626 1581 660 1619 ac
676 1565 833 1620 Venerem.
866 1567 940 1621 Item
958 1569 1068 1637 quodsi
1089 1569 1193 1624 Vestra

140 1658 220 1714 Cels.
239 1660 359 1729 insuper
376 1657 494 1712 alteram
506 1671 633 1735 ultorem
645 1654 769 1708 haberet
785 1666 816 1710 et
826 1656 919 1711 nollet
929 1657 1027 1727 pravis
1041 1657 1193 1715 effectibus

140 1761 171 1804 et
186 1747 452 1803 consuetudinibus
476 1761 656 1816 repugnare,
675 1744 772 1799 adhuc
790 1762 851 1801 noo
868 1757 949 1802 esset
970 1746 1096 1803 Vestrae
1114 1749 1193 1806 Cela.

140 1840 311 1895 eottsultum
328 1854 363 1893 ac
381 1846 585 1909 prospectum.

178 2073 182 2080 Ι
205 2007 334 2079 Oportet
342 2021 586 2078 unumquemque
596 2004 624 2058 io
634 2005 766 2059 externis
781 2003 843 2059 istis
854 2021 978 2060 suorum
987 2005 1193 2062 membrorum

139 2112 206 2154 esse
224 2098 397 2163 dominum,
415 2094 578 2151 utiPaulus
598 2094 715 2150 scribit:
734 2094 867 2163 Curate,
883 2092 1072 2150 utmembra
1086 2105 1193 2153 vestra

138 2188 205 2244 sint
215 2203 311 2241 arma
313 2186 474 2256 justitiae.
508 2184 610 2259 Quare
623 2185 702 2239 Cels.
715 2183 820 2239 Vestra
833 2186 862 2238 in
876 2186 1113 2242 consideratione
1124 2188 1190 2242 alla.

139 2289 236 2333 tarum
254 2293 428 2342 causarum,
446 2290 552 2344 nempe
570 2274 714 2342 scandali,
739 2291 877 2328 curarum
888 2315 897 2343 ,
919 2275 1053 2331 laboratu
1072 2293 1107 2333 ac
1124 2279 1193 2334 soli.

139 2368 300 2423 citudluum
318 2377 346 2421 et
368 2367 505 2436 eorporis
524 2363 805 2432 introituum'vettt
823 2365 899 2419 lianc
916 2382 979 2420 rem
996 2382 1090 2438 aequa
1108 2370 1192 2424 leuce

139 2447 350 2530 perpendere,
367 2466 398 2510 et
414 2455 501 2511 simul
527 2454 554 2508 in
572 2454 745 2509 memoriam
763 2471 922 2520 revocare,
947 2457 1028 2527 quod
1044 2457 1132 2513 Deus
1154 2474 1193 2514 ex

138 2548 280 2603 moderna
297 2546 424 2615 conjuge
443 2542 596 2614 pulchram
613 2542 751 2598 sobolem
775 2545 929 2616 utriusque
946 2561 1038 2601 sexus
1061 2546 1191 2617 dederit,

138 2638 176 2694 ita
194 2649 226 2691 ut
238 2649 393 2692 contentae
405 2635 462 2689 hac
479 2649 547 2687 esse
561 2633 663 2702 possit.
698 2631 782 2706 Quot
796 2633 843 2686 elii
856 2633 887 2688 in
899 2649 954 2688 suo
967 2635 1156 2692 matrimonio
1167 2637 1193 2704 ¹)

139 2727 246 2783 debent
271 2726 439 2799 patientiam
467 2737 611 2777 exercere
640 2721 675 2774 ad
701 2721 851 2776 vitandam
879 2725 1080 2781 scandalum?¹
1113 2726 1192 2782 Nam

139 2818 228 2875 nobis
245 2835 305 2872 non
323 2816 406 2870 sedet
422 2803 537 2879 animo,
563 2812 642 2866 Cels.
658 2811 795 2866 Vestram
816 2813 850 2865 ad
868 2822 926 2867 tam
943 2813 1093 2869 difficilem
1111 2817 1191 2872 utari⁴

140 2919 231 2964 tatem
248 2907 399 2978 impellere
417 2916 466 2958 aut
483 2903 632 2957 iuducere.
666 2901 745 2956 Nam
764 2901 833 2955 ditio
852 2903 932 2959 Cela.
944 2903 1068 2959 Vestrae
1085 2906 1190 2978 aliique

139 3016 197 3055 nos
220 2999 287 3053 ideo
312 2997 502 3067 impeterent,
529 2991 608 3062 quod
632 2990 717 3045 nobis
741 3009 778 3046 eo
802 2992 897 3048 minus
915 2994 1069 3048 ferendum
1093 3011 1189 3062 esset,

139 3088 222 3161 quod
240 3103 279 3142 ex
297 3094 456 3158 praecepto
473 3082 573 3136 divino
592 3080 678 3134 nobis
695 3081 861 3156 incumbat,
886 3085 1107 3142 matrimonium
1130 3105 1191 3142 om.

138 3180 246 3251 niaque
263 3175 390 3230 humana
407 3173 442 3228 ad
457 3171 584 3233 divinam
602 3171 816 3225 institutionem
831 3172 1078 3246 dirigere,›atque
1095 3177 1125 3233 iu
1143 3197 1191 3246 eo,

140 3270 238 3342 quoad
262 3265 419 3339 possibile,
448 3276 627 3316 conservare
653 3276 802 3333 omneque
827 3263 996 3317 scandalum
1024 3281 1191 3324 removere.

140 3360 172 3417 Ia
186 3361 249 3430 jam
272 3369 320 3412 est
336 3372 402 3410 mos
421 3352 548 3418 saeculi,
573 3362 606 3404 ut
623 3350 708 3418 culpa
726 3351 822 3406 omnis
847 3352 874 3405 iu
894 3352 1102 3412 Praedicantes
1121 3377 1193 3414 con.

132 3451 270 3514 deretur,
293 3445 317 3501 si
336 3445 406 3515 quid
424 3439 596 3497 difficultatis
614 3439 738 3493 incidat:
762 3453 790 3493 ut
806 3438 968 3497 humanum
986 3459 1041 3499 cor
1063 3447 1092 3500 iu
1112 3466 1192 3503 sum.

138 3556 204 3596 mae
223 3550 251 3593 et
268 3534 416 3591 inferioris
433 3529 610 3588 conditionis
622 3528 793 3584 homiuibus
810 3530 963 3601 instabile,
980 3535 1057 3589 unde
1070 3536 1189 3594 diversa

139 3624 383 3703 pertimescenda.

701 3685 711 3740 t

141 3845 664 3874 Μ

189 4006 211 4056 l)
234 3996 389 4048 ulalrimuuio
403 3995 460 4049 tettt
475 3995 514 4046 itu
527 3996 556 4043 Α.
