2730 4724
145 375 187 446 ts
281 413 284 417 ·
378 385 383 396 ·
578 375 724 445 wiso·

176 529 361 607 sacrun..
491 564 492 568 =
533 560 536 565 ·
578 580 580 591 ,
846 529 1172 597 Nuufflccxxvu.
1199 552 1231 621 t

501 684 551 756 iio
574 684 692 756 titis.
715 672 850 756 biert.

191 839 264 887 titio
281 840 333 887 rins
348 846 404 887 som
421 841 503 894 {rutel
520 843 626 895 heiricus
643 843 818 897 sortiremini.
841 842 891 893 &ir
908 841 960 896 biri
979 843 1085 894 onnus
1100 838 1204 897 sitnm

143 916 189 957 usn
203 913 276 961 scius
290 917 330 967 rer
343 913 487 969 sentiret,
500 917 547 963 unu
561 916 652 970 trunto
662 918 686 970 te
699 919 734 970 cir
745 916 775 969 su
787 916 875 969 notun
890 917 925 963 tir
938 916 1007 975 punt
1019 920 1067 964 rou
1079 917 1140 968 (seit
1152 917 1204 971 neb·

142 988 292 1036 remuniri
305 988 368 1037 inno
380 989 544 1044 orrstbitnrnr.
569 992 627 1046 siri.
641 989 834 1038 seciendori
843 990 870 1038 L.
884 989 924 1036 111.
939 1002 965 1048 p.
977 992 1022 1039 ists

143 1221 200 1274 uer<
212 1214 349 1270 russeus
367 1236 391 1282 p.
403 1225 465 1282 zm
484 1225 510 1274 in
524 1216 665 1284 christoph.
678 1223 814 1286 Stymmelii
832 1227 936 1272 tractatu
956 1225 986 1272 de
1003 1223 1125 1272 miraculis
1144 1225 1204 1274 ¹567:

174 1297 229 1347 retr
242 1298 292 1344 urm
305 1297 429 1352 onrtrrn
442 1298 482 1351 iro
495 1300 687 1346 secieudori
697 1297 714 1349 t.
727 1299 744 1345 1.
770 1298 920 1353 verrinum
933 1298 1029 1349 testib
1042 1298 1106 1344 xxi.
1119 1299 1181 1348 mu
1202 1299 1206 1323 ³

143 1419 332 1484 Venerabili
350 1429 452 1501 Viro,
475 1417 524 1487 D,
536 1431 691 1488 Andreae
707 1429 845 1501 Eberto,
869 1430 1099 1487 Concionotori
1114 1429 1207 1502 opud

209 1518 454 1589 Froncsordum
471 1521 518 1577 cis
535 1521 715 1593 Viadrum,
731 1522 850 1578 Fratri
865 1539 924 1578 suo
940 1522 976 1577 in
992 1521 1135 1578 Domino
1152 1521 1203 1580 die

207 1606 389 1666 lectissimo.

141 1731 514 1847 Gr.er1³.1·scunsto.
547 1783 654 1841 Multis
680 1784 817 1841 videntur
841 1781 1040 1850 incredssriiis,
1067 1794 1145 1854 quse
1169 1782 1205 1835 tn

140 1868 269 1938 scribis,
291 1873 332 1928 mi
350 1874 489 1942 Andros,
514 1885 543 1930 et
565 1883 721 1948 antequam
739 1888 771 1930 tu
788 1875 954 1942 scriberes,
978 1889 1048 1928 cum
1066 1871 1119 1927 bio
1135 1885 1204 1927 ner.

41 1976 46 1989 ·
108 1949 111 1956 ’
140 1969 296 2029 serentur,
320 1961 384 2034 ipse
407 1979 528 2035 quoque
552 1965 709 2044 putabam,
733 1982 782 2021 me
805 1966 905 2020 audire
922 1965 1030 2035 jocum
1052 1950 1203 2035 queudsm'

140 2060 192 2105 rut
208 2049 347 2108 fabulam.
381 2052 438 2107 Sed
451 2054 476 2108 si
493 2054 530 2108 ita
543 2071 591 2108 res
603 2055 705 2124 habet,
723 2056 766 2111 uti
777 2066 808 2111 tu
820 2053 938 2123 scribis,
956 2052 1084 2109 arbitror
1098 2062 1203 2109 osten.

139 2134 204 2196 tum
228 2158 314 2211 esse,
337 2160 398 2216 quo
423 2144 511 2200 Deus
536 2146 702 2217 permittat,
728 2146 864 2202 Sotsnsm
891 2145 1050 2200 ostendere
1076 2141 1202 2214 figurem

139 2242 172 2310 et
189 2232 345 2302 imaginem
362 2235 550 2307 quorundam
568 2235 759 2308 Principum,
778 2235 829 2308 qui
846 2235 958 2309 rapiant
976 2243 1006 2289 ct
1021 2242 1130 2290 vorent
1145 2223 1203 2288 uni

139 2321 295 2392 docunque
312 2339 407 2394 opes,
423 2335 452 2379 et
469 2335 568 2381 tamen
586 2326 656 2381 nihii
672 2325 837 2399 proficiant.
872 2326 948 2380 Cum
966 2341 1038 2395 ergo
1051 2323 1201 2395 jocuieris

138 2411 178 2481 sit
204 2411 257 2468 iste
275 2411 421 2483 Spiritus,
447 2424 478 2468 et
503 2415 566 2469 otio
592 2430 649 2470 suo
673 2416 863 2493 securitatem
885 2424 1020 2469 nostram
1044 2413 1156 2484 rideat,
1172 2414 1201 2481 ¹)

138 2499 227 2556 nobis
245 2501 372 2573 primum
390 2512 436 2559 est
453 2504 533 2558 serio
551 2521 606 2574 pro
619 2504 715 2576 puelia
732 2504 895 2571 orandum,
911 2520 987 2575 quac
1002 2513 1127 2576 propter
1141 2517 1202 2558 nos

43 2667 45 2672 ,
139 2591 258 2662 cogitur
275 2592 330 2647 istu
347 2593 415 2664 pati.
449 2592 569 2648 Deinde
587 2595 644 2648 iste
659 2593 689 2661 ²)
708 2594 832 2666 Spiritus
847 2592 982 2649 vicissim
1000 2604 1046 2648 est
1064 2602 1202 2648 coutem-

136 2681 254 2738 nendus
272 2690 303 2737 et
320 2681 476 2752 ridendus,
495 2700 551 2738 neo
568 2683 635 2737 ullis
653 2683 831 2738 exorcismis
854 2692 904 2737 aut
919 2676 1006 2738 'seriis
1024 2681 1201 2755 tentandus,

140 2771 210 2841 quia
233 2771 331 2826 omnia
354 2771 410 2827 ista
432 2772 509 2827 ridet
533 2772 670 2846 superbia
694 2773 845 2827 diabolico.
885 2772 943 2827 Sed
967 2786 1201 2846 perseveremus
1232 2774 1238 2785 ¹

138 2860 271 2919 oratione
291 2879 346 2932 pro
363 2862 460 2935 puella
478 2872 507 2918 et
524 2873 679 2918 contemtu
699 2863 728 2917 in
744 2862 924 2931 Diabolum,
950 2872 981 2916 et
997 2862 1135 2931 tandem,
1158 2862 1204 2918 ie-

136 2962 226 3008 vente
253 2950 389 3029 Christo,
419 2952 559 3008 cessabit.
600 2951 699 3008 Etiam
724 2952 838 3008 bonum
867 2963 967 3018 esset,
999 2954 1024 3008 si
1049 2952 1120 3008 vitis
1145 2969 1204 3010 sus

135 3039 306 3114 Principes,
320 3039 349 3110 3)
368 3057 443 3114 quse
457 3041 518 3097 hoc
529 3052 649 3099 ostento
661 3053 812 3114 petuntur,
830 3043 1032 3112 emendarent,
1048 3042 1201 3116 inquibus

137 3132 187 3186 ilie
206 3148 334 3202 nequem
344 3129 469 3205 Spiritus
487 3131 631 3206 significat
646 3147 713 3186 sese
726 3144 865 3206 potenter
882 3144 911 3188 et
924 3149 1030 3188 secure
1043 3133 1202 3190 dominari}

135 3221 226 3293 Rogo
249 3232 295 3289 tc,
321 3221 560 3294 quandoquidem
587 3238 635 3277 res
661 3222 716 3277 ista
743 3221 828 3291 digna
855 3232 900 3277 cst
925 3222 1070 3293 evulgari,
1100 3223 1203 3302 omnis

136 3297 213 3368 veiis
232 3312 398 3369 certissime
416 3311 593 3383 explorare,
616 3329 654 3367 ne
672 3311 767 3367 subsit
784 3313 891 3384 aliquid
914 3313 991 3380 doli,
1017 3324 1047 3368 et
1065 3313 1201 3384 inprimis

134 3421 174 3458 sn
190 3415 307 3458 moneta
324 3418 378 3457 seu
396 3402 507 3458 nummi
526 3401 584 3469 isti,
602 3417 679 3474 quos
697 3403 794 3473 puello
813 3404 885 3474 rupit
901 3415 931 3457 et
947 3404 1074 3478 (vorat),
1088 3397 1122 3470 ⁴)
1140 3404 1204 3461 sint

137 3496 202 3550 veri
229 3494 360 3561 nummi,
384 3505 414 3547 et
436 3509 525 3547 nsum
551 3493 608 3547 iori
636 3493 809 3546 sustineant.
852 3493 932 3548 Nem
957 3510 1013 3562 ego
1035 3503 1080 3548 tot
1104 3494 1200 3564 streis,

117 3585 232 3652 xrioiis,
259 3581 598 3655 tecimis,⁴mendaciis,
621 3581 731 3638 artibus
756 3593 813 3638 etc.
837 3582 983 3668 hpctenus
1007 3600 1075 3640 sum
1101 3584 1201 3656 exegi.

135 3687 232 3742 totus,
250 3685 283 3729 ut
301 3691 392 3744 cogar
408 3674 532 3729 difficilis
550 3690 617 3728 esse
635 3673 669 3727 ad
688 3673 867 3735 ¹credendum
885 3675 983 3729 omnis
1000 3684 1031 3728 et
1048 3675 1201 3744 omnibus,

135 3767 191 3822 nisi
217 3782 293 3837 quse
318 3780 373 3834 ego
399 3765 465 3819 scio
490 3780 538 3817 mc
565 3765 663 3818 iacere
689 3772 720 3817 et
744 3763 855 3818 dicere.
889 3763 985 3818 Tanta
1011 3774 1056 3819 est
1078 3765 1201 3827 Diaboli

181 3987 204 4033 ‘¹'
226 3979 370 4027 smmi·
384 3980 475 4025 videat.
524 3981 546 4032 ²)
565 3980 587 4028 3·
607 3979 667 4038 ipse.
716 3983 738 4035 3)
756 3980 793 4031 l'r·
808 3981 863 4037 iiiii
875 3982 915 4036 beu
929 3982 951 4036 S,
965 3981 1020 4034 norb
1033 3984 1197 4034 emendarent

140 4057 165 4108 t)
179 4066 239 4114 quos
253 4057 299 4101 etc.
312 4053 371 4108 ierit
383 4054 424 4106 bru
437 4054 458 4099 S.
