2730 4724
645 333 734 402 15³9.
1156 332 1217 401 2³9

160 485 297 547 Primum
307 496 374 545 ente
386 490 483 548 omuie
499 490 684 562 eruendum,
701 509 739 548 ne
752 489 827 548 heec
840 507 888 548 res
898 491 1053 549 inducetur
1068 491 1097 546 iu
1109 488 1217 554 orbern

159 579 196 634 ed
219 581 345 636 modurn
367 581 461 651 legis,
484 599 574 654 quem
594 583 735 657 sequendi
752 582 842 637 libere
860 581 999 639 omnibus
1016 583 1054 638 sit
1070 591 1214 654 potestus.

157 666 278 726 Deinde
296 671 485 727 considerare
502 673 637 742 dignetur
653 671 758 730 Vestra
774 671 854 728 Cels.
869 671 1056 740 scendelum,
1073 670 1213 727 nimirum

157 759 241 831 quod
257 758 421 831 Evangelio
438 762 545 817 hostes
564 763 756 817 exclametuti
773 762 847 830 sint,
862 778 919 816 uos
932 761 1043 818 similes
1057 775 1124 816 esse
1135 763 1215 828 Aue,

157 847 309 921 beptietis,
325 851 375 922 qui
393 851 493 924 plures
511 851 599 907 simul
616 852 904 906 duxeruntuxores:
922 852 1006 920 item,
1024 851 1214 919 evangelicos

156 955 225 994 eem
242 941 352 996 recturi
367 940 533 997 libertatem
551 940 762 1012 pluree‘simul
785 941 929 1009 ducendi,
955 958 1030 1013 ques
1052 941 1083 995 in
1100 940 1214 997 Tercle

155 1028 187 1083 in
203 1045 260 1084 neu
278 1040 335 1086 eet.
358 1029 434 1088 item
449 1029 623 1103 Principum
640 1032 718 1085 secte
736 1030 821 1087 letius
840 1030 957 1102 spargi,
978 1046 1065 1102 quem
1082 1030 1214 1103 priveto.

155 1134 242 1186 rum,
258 1118 442 1175 consideret:
460 1120 531 1173 item
543 1120 734 1187 consideret,
747 1121 874 1190 privetes
885 1135 1028 1191 perennes
1039 1117 1213 1190 hujusmodi

154 1206 330 1282 Principum
347 1210 423 1265 lecte
440 1209 592 1266 audientes
617 1209 700 1265 fenile
723 1209 781 1265 eibi
805 1211 906 1265 eedem
929 1209 1074 1282 permissu
1090 1226 1214 1282 persue-

153 1299 243 1366 dere,
261 1309 352 1372 prout
362 1309 499 1371 epperet‚
516 1299 581 1354 telie
598 1300 685 1354 secile
701 1299 848 1369 irrepere:
867 1299 935 1354 item
953 1300 1211 1371 considerandum,

153 1389 236 1444 Cels.
249 1388 385 1446 Ventrem
402 1389 549 1444 ebundere
565 1388 718 1445 nobilitete
736 1389 818 1445 efferi
835 1390 974 1462 spiritus,
991 1390 1089 1462 inque
1104 1391 1209 1460 -suulti,

152 1478 196 1533 uti
213 1479 244 1533 in
261 1479 324 1535 eliis
342 1495 462 1551 quoque
480 1479 579 1547 terris,
597 1478 667 1545 siut,
684 1479 735 1550 qui
753 1488 876 1551 propter
892 1479 1009 1550 emplos
1025 1491 1209 1551 proventus,

152 1567 266 1641 quibus
282 1568 396 1625 ratione
415 1567 628 1624 cathedralium
650 1567 861 1623 beneficiorum
887 1561 1097 1642 perfruuntur,
1123 1569 1210 1638 uelde

151 1657 316 1729 Evengelio
333 1659 537 1714 edvereentur.
570 1656 643 1714 Non
667 1657 836 1727 ignoremus
858 1659 913 1730 ipsi
931 1673 1106 1728 magnorum
1123 1660 1209 1715 nobi.

151 1750 225 1804 liunt
244 1748 328 1804 uelde
346 1749 456 1804 insulse
473 1749 566 1804 dictet
594 1748 709 1820 qualem
733 1764 766 1804 se
791 1747 929 1804 nobilitas
955 1760 984 1803 et
1001 1748 1117 1804 subdite
1135 1750 1208 1806 ditio

152 1855 224 1910 erge
242 1839 323 1894 Cels.
339 1838 477 1894 Vestretn
496 1838 534 1892 sit
551 1836 734 1909 preebiture,
760 1838 784 1893 si
807 1837 925 1907 publice
945 1838 1124 1894 introductio
1141 1839 1208 1909 fiet,

150 1928 232 1984 ir'eud
249 1927 364 1984 difficile
381 1938 427 1984 est
444 1927 585 1983 arbitrari.
618 1927 693 1982 item
708 1927 786 1982 Cels.
799 1927 922 1995 Vestre,
940 1944 1017 2000 quee
1033 1929 1093 1986 Dei
1110 1930 1209 2000 singu.
1306 2001 1310 2008 Ι

150 2018 221 2075 ieris
238 2028 287 2074 est
302 2019 404 2088 gretie,
421 2019 496 2090 epnd
510 2017 610 2087 Reges
627 2029 658 2073 et
672 2015 818 2074 Potentes
835 2018 924 2074 etiem
941 2021 1082 2075 externos
1094 2035 1208 2096 megno

151 2109 245 2164 estin
261 2111 380 2165 honore
397 2118 427 2163 et
444 2119 602 2180 respectu,
627 2108 704 2179 spud
721 2123 798 2178 quos
815 2108 922 2165 merito
939 2109 1084 2183 estquod
1106 2110 1209 2170 timent

150 2216 189 2255 ne
206 2198 283 2253 hese
300 2215 348 2253 res
365 2198 456 2268 periet
472 2198 601 2252 nominis
618 2196 853 2253 diminutionem.
1205 2253 1208 2258 .

216 2288 295 2345 cunt
316 2288 407 2359 igitur
429 2286 480 2343 hic
497 2288 587 2343 multe
611 2289 746 2343 scendele
771 2287 938 2358 confluent,
963 2307 1102 2361 rogemus
1126 2290 1207 2350 Celet

152 2379 310 2445 Vestram,
335 2389 367 2432 ut
383 2376 461 2431 henc
479 2393 542 2432 rern
559 2386 675 2432 meturo
688 2377 803 2446 judicio
826 2378 994 2450 expendere
1016 2382 1097 2437 velit.
1130 2381 1208 2438 illud

149 2483 274 2539 quoqne
299 2478 347 2522 est
362 2483 485 2535 verum,
510 2467 590 2538 quod
609 2466 691 2522 Cels.
708 2465 846 2523 Vestrum
870 2468 1044 2524 omnimodo
1066 2487 1207 2539 rogemus

151 2572 182 2614 et
198 2559 403 2622 edhortemur,
427 2568 458 2611 ut
476 2557 702 2611 fornicationem
719 2568 749 2612 et
772 2557 946 2613 adulterium
964 2559 1063 2628 fugiet.
1098 2560 1207 2615 Habui.

150 2664 220 2703 mus
231 2663 368 2718 quoque,
386 2659 436 2714 ut,
453 2646 533 2717 quod
551 2661 599 2700 res
618 2655 680 2713 est,
699 2645 873 2717 loquemur,
891 2648 980 2717 longo
997 2660 1132 2721 tempore
1143 2668 1207 2707 uon

150 2753 276 2809 pervum
297 2753 486 2804 moerorem,
510 2735 589 2806 quod
616 2734 848 2789 intellexerimus
868 2735 1004 2791 Vestrum
1021 2738 1100 2793 Cels.
1125 2740 1207 2809 ejus.

150 2828 235 2882 modi
252 2827 419 2898 imperitete
436 2836 607 2890 oneretem,
629 2841 717 2894 quem
735 2825 829 2878 divine
847 2825 937 2892 ultio,
955 2827 1068 2895 morbi,
1091 2829 1206 2901 elinque

149 2919 282 2991 pericula
300 2917 524 2988 sequi-possint.
558 2913 654 2968 Etiam
669 2931 805 2983 rogemus
823 2915 900 2969 Cels.
913 2914 1066 2986 Ventrem,
1084 2936 1123 2974 ne
1139 2922 1206 2976 telin

150 3021 237 3063 extre
248 3007 467 3062 matrimonium
484 3005 559 3059 levia
572 3017 693 3075 peccate
706 3005 776 3058 velit
793 3006 967 3073 aestimare,
985 3007 1063 3061 sicut
1076 3011 1204 3067 mundus

150 3098 227 3153 heec
244 3097 342 3152 ventis
358 3095 473 3150 trudere
490 3105 519 3149 et
536 3094 617 3164 perti
636 3092 765 3164 pendere
791 3095 876 3149 solet.
911 3094 1023 3151 Verum
1040 3097 1127 3153 Deus
1150 3100 1206 3155 itu.

150 3187 322 3259 pudicitiam
341 3201 429 3256 saepe
446 3183 635 3239 severissime
653 3183 776 3255 punivit.
809 3182 887 3238 Nem
911 3201 1008 3256 poene
1029 3187 1130 3243 diluvii
1152 3190 1205 3266 tri.

151 3277 254 3331 buitur
267 3275 435 3344 Regentum
452 3273 618 3327 adulteriis:
636 3272 707 3325 item
724 3272 898 3327 adulterium
913 3272 1040 3331 Devidis
1058 3288 1103 3332 est
1119 3294 1207 3334 seve.

149 3383 218 3421 rum
236 3366 351 3420 drviuee
366 3363 512 3418 vindictee
530 3361 717 3432 exemplum:
736 3372 765 3415 et
781 3361 891 3417 Peulus
909 3366 1025 3435 saepius
1044 3369 1097 3422 eit:
1113 3368 1204 3426 Deus

149 3474 216 3512 non
241 3454 416 3522 irridetur,
449 3451 591 3506 adulteri
613 3466 679 3505 non
702 3447 881 3506 introibunt
904 3451 938 3506 in
962 3471 1098 3527 requiem
1119 3458 1204 3516 Dei:

148 3565 217 3603 nem
235 3546 303 3601 fidei
320 3544 487 3600 obedientie
504 3557 607 3596 comes
625 3558 691 3598 esse
709 3542 812 3607 debet,
835 3553 944 3597 utnon
968 3557 1070 3602 contre
1087 3552 1205 3608 consci.

147 3640 261 3694 entium
284 3650 419 3706 egemus,
446 3634 542 3705 primo
561 3630 715 3699 Timum„
742 3641 771 3686 et
793 3632 886 3703 primu
902 3633 977 3688 Joh.
995 3634 1063 3692 lli:
1088 3638 1125 3694 ui
1147 3658 1204 3697 cor

147 3735 299 3782 nostrum
330 3741 395 3779 uon
422 3721 663 3795 reprehenderit
687 3736 763 3789 nos,
793 3737 964 3793 possumus
996 3724 1074 3781 laeti
1099 3729 1204 3789 Deum

148 3821 320 3874 inuocare:
349 3826 378 3869 et
406 3813 496 3867 Rom.
527 3810 624 3864 vnn:
654 3810 690 3864 Si
718 3811 868 3864 carnalia
899 3811 1058 3870 desideria
1085 3819 1202 3891 spiritu
1259 3806 1263 3823 ’

147 3905 463 3973 mortificaverimus,
475 3901 629 3954 uiuamus:
647 3899 675 3952 si
684 3905 789 3952 autem
803 3901 971 3955 secuudum
984 3919 1113 3960 carerem
1131 3927 1203 3964 am,

147 3998 304 4062 buleutas,
322 3995 384 4048 hoc
399 4006 458 4058 est,
478 3993 502 4044 si
516 3999 618 4043 couttu
630 3988 844 4045 conscientium
862 4007 995 4060 egemus,
1017 3998 1199 4056 moriemur.
