2616 4710
602 355 691 437 ista
964 337 971 346 '
1109 311 1188 467 tu

120 511 246 567 contulit
269 513 401 569 omnium
418 515 602 583 sententias,
625 527 655 572 et
672 516 707 570 de
724 524 784 572 tota
802 516 934 572 doctrina
956 505 1172 589 accuratedis',

94 641 97 650 ,
122 603 225 656 seruit.
258 602 298 657 Et
322 604 390 674 quia
415 618 497 659 recte
521 606 653 676 intelligit
675 608 841 670 doctrinam
865 605 1020 675 Ecclesiae
1041 593 1172 674 Christi,

121 704 150 745 et
176 691 363 762 amplectitur
387 711 490 764 puram
514 674 665 763 Evadgelii
694 699 883 764 seutentiam,
918 713 1007 767 quam
1034 674 1176 751 Ecclesia

120 794 222 836 nostra
240 798 300 834 uno
316 783 419 853 spiritu
443 796 470 837 et
487 800 543 837 una
559 801 636 838 voce
653 802 722 838 cum
745 785 890 840 catholica
908 785 1045 840 Ecclesia
1062 783 1175 839 christi

121 873 295 943 profitetur:
308 871 411 939 jussus
426 886 473 927 cst
489 875 575 927 etiam
593 876 668 950 apud
686 891 733 950 me
752 876 921 948 concionari
938 875 1006 943 hic,
1032 886 1061 929 et
1079 874 1175 945 speci.

120 976 190 1020 men
202 976 273 1014 suae
291 961 464 1016 eruditionis
481 949 586 1030 edidit,
604 973 634 1017 et
646 966 716 1030 satis
728 965 807 1017 clare
825 975 948 1018 testatus
965 976 1026 1033 est,
1045 980 1077 1018 se
1096 966 1174 1018 idem

120 1052 249 1114 sentire,
267 1052 348 1121 quod
367 1064 465 1104 nostra
478 1050 614 1106 Ecclesia
631 1053 794 1123 profitetur.
829 1055 905 1106 Cum
923 1054 1011 1121 igitur
1021 1053 1174 1122 illustriss.

121 1139 270 1210 Princeps
289 1137 427 1210 sa'pientia
452 1153 480 1194 et
496 1142 604 1195 virtute
625 1153 793 1212 praestans,
817 1142 893 1196 Dux
911 1142 1189 1213 Megelburgensits¹

96 1232 98 1235 ’
124 1227 285 1294 Henricus,
305 1244 444 1283 vocasset
458 1229 539 1283 hunc
551 1230 711 1284 Henricttm
725 1232 930 1285 Schmedstedt
944 1233 972 1284 in
985 1230 1176 1285 Academiam

118 1317 353 1374 Rostocbiauam
369 1320 405 1379 ad
417 1320 580 1374 docendam
591 1319 787 1388 theologiam,
809 1331 839 1375 et
856 1321 1026 1391 petivisset,
1048 1333 1078 1373 ut
1094 1320 1177 1376 testi.

119 1411 256 1462 monium
274 1420 411 1463 nostrum
427 1410 560 1466 afferret:
585 1412 677 1479 gavisi
695 1426 818 1478 sumus,
835 1410 986 1465 Illustriss.
1004 1409 1177 1480 Principem
1196 1417 1199 1422 ’

119 1497 244 1553 Ducem
257 1495 419 1551 Henricum
436 1514 540 1552 curare
549 1536 559 1565 ,
576 1510 608 1551 ut
621 1497 768 1576 Ecclesiis
786 1498 983 1565 consulatur,
994 1507 1023 1553 et
1039 1499 1176 1554 salutaris

122 1587 258 1641 doctrina
272 1597 471 1641 conservetur
480 1603 518 1660 ac
529 1597 717 1659 propagetur.
752 1586 831 1642 Nam
844 1577 980 1658 prolecto
995 1587 1070 1641 baec
1082 1589 1178 1660 prima

122 1693 197 1731 cura
214 1677 347 1730 omnium
365 1676 596 1746 gubernatorum
613 1691 678 1731 esse
696 1676 799 1745 debet,
821 1687 851 1731 ut
868 1677 985 1748 populis
1001 1695 1101 1748 veram
1114 1678 1177 1734 Dei

122 1768 255 1823 notitiam
272 1766 456 1837 impertiant,
469 1767 503 1820 'et
522 1766 668 1821 illustrent
683 1765 806 1835 gloriam
823 1765 887 1821 Filii
905 1768 949 1822 sui
959 1767 1035 1823 Jesu
1048 1756 1177 1824 Christis

123 1855 204 1911 sicut
219 1868 320 1919 monet
337 1871 401 1909 vox
423 1855 547 1910 Psalmi:
574 1856 616 1909 In
633 1855 840 1911 convertendo
854 1856 991 1928 populos
1009 1856 1044 1910 in
1061 1873 1186 1930 unum,
1197 1880 1214 1928 .'

123 1956 156 2000 et
173 1947 295 2019 Reges,
321 1952 356 1999 ut
367 1944 515 2000 'seruiunt
530 1935 681 2000 Domino.
713 1944 754 2000 Et
772 1947 911 2017 quoniam
934 1962 1036 2003 mores
1053 1947 1178 2006 Hearici

123 2034 334 2090 Schmedstedt
351 2052 386 2088 ac
404 2035 599 2088 eruditionem
617 2033 795 2105 probamus,
820 2050 889 2088 cum
906 2045 950 2089 tot
966 2051 1060 2091 annos
1075 2036 1179 2092 nobis.

124 2142 196 2179 cum
214 2125 358 2191 vixisset,
375 2141 409 2178 ac
427 2123 544 2193 publice
562 2124 732 2190 docuisset,
751 2137 780 2178 et
791 2123 986 2196 polliceretur
1003 2126 1031 2179 ia
1043 2126 1179 2182 doctrina

123 2214 172 2288 pia
196 2215 284 2269 fidem
308 2226 337 2269 et
360 2214 567 2269 constantiam:
592 2212 719 2267 libenter
743 2214 769 2268 ei
785 2214 998 2269 testimonium
1023 2215 1176 2285 dedimus,

124 2305 206 2376 qood
231 2318 263 2358 ut
289 2315 369 2358 esset
395 2294 563 2374 publicum,
588 2318 673 2357 more
697 2302 802 2357 usitato
828 2303 1020 2371 scholarum,
1047 2305 1176 2375 judicio,

125 2395 271 2464 suffragiis
297 2405 327 2448 et
343 2393 555 2466 approbatione
574 2391 697 2461 Collegii
715 2393 806 2459 nostri
823 2405 892 2464 post
914 2394 1061 2464 publicam
1079 2395 1181 2468 dispo,

124 2486 265 2540 tationem
283 2485 420 2538 decretus
445 2494 492 2538 est
507 2481 591 2550 Mag.
608 2482 739 2536 ilenrico
751 2483 967 2537 -Schmedetedt
989 2486 1095 2552 gradus
1110 2486 1179 2541 Do.

126 2585 261 2629 ctoratus
278 2573 447 2640 theologici.
481 2574 527 2626 Ac
548 2572 650 2626 Deum
672 2587 846 2648 precamur,
872 2583 905 2626 ut
931 2573 1026 2626 studia
1043 2574 1108 2643 ejus
1124 2592 1180 2645 gu.¹

126 2667 251 2732 bernet,
277 2665 580 2733 commendamusque
605 2665 689 2717 etiam
712 2663 862 2718 illustriss.
880 2663 1084 2732 Principibus,
1110 2666 1180 2721 Du.

127 2756 211 2809 cibus
231 2752 548 2822 Megclburgensibus‚
573 2752 653 2823 hunc
670 2752 837 2804 Doctorem
854 2751 1015 2806 Henricum
1040 2772 1075 2808 ac
1094 2771 1180 2823 roga.

127 2859 214 2910 mtto,
232 2854 264 2896 ut
282 2842 356 2896 bene
373 2824 441 2895 eum¹
459 2851 604 2895 tueantur.
638 2839 717 2894 Utile
743 2840 822 2894 enim
847 2852 893 2895 est
908 2840 1064 2897 Ecclesiae
1082 2857 1118 2898 et·
1129 2860 1180 2899 so.

128 2933 225 2987 cietati
243 2932 413 2997 communi,
436 2929 591 2983 autoritate
609 2928 783 3000 Principum
799 2929 858 2998 tegi
882 2944 916 2983 ac
933 2930 1062 3000 adjuvari
1081 2932 1189 3003 bonos,

125 3024 291 3079 Doctores.
324 3021 417 3093 quue
442 3019 569 3073 officium
585 3019 657 3073 Deo
674 3030 788 3087 gratum
810 3035 878 3073 esse
897 3019 1007 3074 multae
1030 3021 1179 3077 coelestes

127 3112 289 3171 sententiae
308 3120 336 3164 ot
353 3109 489 3180 exempla
506 3118 660 3162 testantur.
694 3107 793 3181 Quam
812 3108 991 3164 luculentam
1009 3112 1180 3168 mercedem

126 3204 214 3259 Deus
240 3201 385 3274 promittit
402 3214 475 3254 vero
492 3197 519 3262 ¹)
541 3197 673 3267 Principi
699 3195 920 3277 Abdemelech,
947 3199 998 3270 qui
1013 3199 1179 3258 Jeremiam
1205 3235 1207 3237 ·

126 3295 156 3350 in
182 3295 278 3348 lacum
304 3291 452 3362 abjectum
470 3288 593 3343 retraxit
615 3298 645 3340 et
668 3287 806 3341 servarit.
840 3287 1000 3362 Hortamur
1024 3300 1055 3343 et
1079 3291 1180 3360 ipsum

126 3386 295 3440 Doctorem
320 3380 505 3444 Henricum,
527 3386 560 3431 ut
583 3375 729 3430 annitatur
748 3377 940 3431 concordiam
955 3377 1179 3435 Rostocltiaaae

126 3474 282 3529 Ecclesiae
293 3481 322 3527 et
334 3471 509 3525 Academiae
522 3483 590 3522 cum
602 3477 704 3521 nostra
721 3467 804 3520 tueri.
816 3466 843 3530 ²)
876 3467 1013 3522 Maxime
1024 3464 1050 3536 ⁸)
1067 3472 1179 3541 quippe

126 3565 285 3635 optandum
309 3572 374 3626 est,
404 3570 435 3612 ut
460 3556 655 3621 Academiae,
686 3555 796 3626 quibus
824 3555 974 3611 doctrinae
1002 3557 1177 3627 gubernatio
1200 3609 1201 3612 ,
1228 3616 1230 3621 ,

126 3645 331 3708 commcndaia
348 3661 411 3716 est,
429 3665 489 3702 uuo
507 3647 611 3718 spiritu
630 3657 659 3699 et
677 3661 732 3698 una
749 3660 825 3700 voce
844 3661 913 3698 cunr
931 3647 1060 3717 Angelis·
1071 3659 1190 3710 canam¹

126 3783 652 3813 Μ

177 3877 197 3926 tt
215 3872 275 3923 ραι,
293 3871 356 3916 viro.
405 3871 427 3920 2)
445 3869 470 3916 C.
481 3870 507 3914 G.
528 3869 544 3922 †
564 3868 622 3914 Nata
635 3867 767 3932 tottse'nsus
782 3869 805 3913 in
822 3880 880 3914 vera
894 3869 1004 3916 doctrina
1019 3874 1043 3917 et
1055 3871 1108 3918 Deo
1121 3885 1175 3931 gra·

127 3947 233 3994 tissimus
252 3950 302 4002 est,
325 3948 350 3991 et
373 3944 475 3990 manime
494 3943 604 3993 salutaris
624 3942 740 3990 humanae
759 3942 880 3990 societati.
939 3947 962 3999 3)
987 3945 1012 3991 c.
1027 3948 1053 3993 ὓ.
1072 3948 1177 3995 marine

126 4025 173 4070 uua
187 4020 274 4077 quippe
287 4017 439 4072 ntutttatitu.

207 4093 336 4185 apta.
932 4099 970 4164 at
