2730 4724
644 344 739 433 tati.¹
886 397 890 407 .
1104 412 1119 427 „
1157 343 1222 426 att.

159 457 216 551 G·
235 514 266 558 et
281 501 320 562 P.
352 501 405 560 Ex
421 505 512 567 literis
528 505 585 561 tuia
598 505 747 577 intelligo,
764 505 806 562 mi
818 504 971 578 Philippo,
990 513 1133 578 quantum
1144 501 1222 572 ode.

158 592 202 650 ria
226 594 302 650 ictos
313 582 415 650 'falson
432 594 560 652 Eccioa:
578 587 679 661 ¹)‘aed
696 597 786 652 faciet
802 595 890 652 Deus
912 610 952 651 ex
974 594 1033 651 hac
1057 593 1217 677 tentatione

157 696 282 756 quoqne
299 694 494 753 proventum,
519 695 547 739 et
568 684 729 740 confundet
752 685 923 740 mendaces.
957 684 1053 758 Audio
1078 692 1216 763 quoquq

156 771 248 827 vobio
264 771 397 829 oblatum
415 789 480 830 eane
499 790 515 828 a
531 774 658 829 Gaesare
674 774 783 830 librum
801 775 900 842 illum,
917 786 1009 845 quem
1019 771 1164 828 Marchio
1179 770 1216 824 ad

134 850 206 917 me
223 862 322 932 mirit,
346 876 464 919 secreto
480 865 641 936 mysterio,
658 863 685 930 ²)
708 864 736 919 in
762 880 824 936 quo
846 863 946 919 omnia
965 873 1032 919 eote
1052 860 1215 934 aPapirtie

155 952 246 1009 docta
262 949 294 1022 ³)
319 969 335 1008 a
350 952 424 1010 falco
443 969 534 1010 sensu
551 954 709 1010 trahuntur
725 965 755 1010 et
776 963 917 1010 ornantur
933 951 1088 1009 tolerabili.
1122 948 1215 1026 Quod
1245 979 1248 983 ⁴

156 1042 320 1100 aifactum
344 1052 407 1111 eat,
431 1053 502 1098 tunc
527 1045 717 1101 manifestum
739 1056 800 1111 eat,
824 1052 918 1098 totam
943 1043 1091 1098 actionem
1108 1053 1215 1096 eorum

155 1134 320 1191 institutam
337 1150 405 1191 eme
421 1135 457 1190 ad
468 1136 592 1190 fucanda
604 1136 701 1191 omnia
712 1135 788 1192 idola
800 1151 854 1191 aua
866 1147 896 1190 et
906 1133 1068 1191 retinenda.
1102 1133 1138 1188 ln
1154 1147 1215 1206 qua

154 1234 188 1280 re
204 1225 337 1297 primum
352 1215 384 1292 ⁴)
401 1223 432 1279 in
446 1222 509 1280 boc
526 1217 556 1292 ⁵)
580 1224 712 1280 laudandi
736 1235 821 1293 runt,
848 1223 930 1297 quod
953 1237 993 1279 ex
1015 1239 1071 1278 ore
1091 1221 1214 1295 proprio

154 1307 442 1382 condemnantur‚⁶)
458 1313 596 1381 intentet,
614 1329 648 1369 ea
665 1313 695 1369 in
712 1313 881 1385 pernicioso
898 1309 991 1369 sensu
1007 1327 1073 1367 erae
1085 1299 1214 1380 dictast)

153 1401 341 1460 hauddubie
359 1403 388 1459 in
406 1415 558 1474 posterum
573 1396 607 1470 8)
631 1403 709 1459 facili
726 1419 817 1475 opera
833 1404 864 1458 in
881 1403 1008 1459 eundem
1025 1417 1148 1458 tensum
1166 1417 1214 1458 re.

155 1492 315 1561 docibilia,
327 1485 355 1560 ⁹)
372 1492 397 1549 ai
414 1503 512 1548 tamen
526 1491 562 1560 ¹⁰)
580 1508 711 1565 unquam
729 1493 785 1548 erit
792 1512 806 1561 ,·
819 1502 853 1547 ut
869 1507 886 1546 a
902 1491 938 1554 ¹¹)
956 1492 1049 1565 priori
1068 1490 1102 1557 ¹²)
1120 1505 1214 1548 ernau

154 1582 248 1655 impio
264 1579 306 1650 ¹³)
329 1583 451 1655 proprio
474 1598 529 1656 per
548 1595 645 1639 totum
666 1581 771 1639 orbem
788 1592 959 1654 purgentur.
990 1580 1111 1637 Deinde
1128 1583 1213 1654 quod

154 1673 303 1739 fatentur,
328 1687 363 1726 ea
380 1687 470 1744 pocae
487 1673 536 1745 pio
554 1688 647 1729 aenan
662 1671 797 1740 intelligi:
824 1673 843 1725 i.
861 1688 887 1726 e.
906 1671 976 1725 dum
993 1650 1104 1742 optima
1122 1682 1212 1738 runt,

152 1772 256 1818 tamen
271 1771 342 1817 runt
356 1759 493 1830 ambigua
509 1771 540 1817 et
556 1761 658 1818 dubia:
683 1776 744 1833 quo
768 1761 888 1833 nomine
912 1776 983 1816 cum
1000 1761 1211 1827 defendantur,

153 1866 215 1907 nou
233 1855 353 1923 poesim
368 1850 499 1906 atrociae
516 1850 655 1904 damnari.
688 1849 729 1905 Ut
746 1849 817 1923 quid
832 1851 862 1904 in
875 1848 1013 1904 Ecclesia
1027 1849 1212 1906 ruminentur

153 1941 309 2012 dogmata,
327 1939 457 2012 primum
473 1955 532 1995 nec
549 1949 706 2011 praecepta
720 1955 736 1994 a
748 1938 839 2007 Deo,
853 1955 911 1995 nec
928 1939 1113 2006 neceaaaria,
1129 1938 1212 1993 dein.

153 2031 211 2101 de,
234 2029 374 2086 ubi-eunt
390 2033 519 2102 optima,
543 2041 612 2086 aunt
629 2046 682 2086 oua
699 2039 801 2086 natura
817 2029 953 2101 ambigua
977 2040 1006 2086 et
1023 2029 1211 2101 periculosa,

153 2120 576 2195 pentima'etdarnmtireima?
609 2119 718 2176 Sacrae
738 2119 902 2192 acripturae
920 2131 950 2174 et
970 2119 1108 2176 divinitae
1125 2135 1212 2192 prae.

153 2222 260 2284 ceptae
277 2201 318 2278 ¹⁴)
335 2209 485 2280 ambiguae
502 2226 563 2264 non
580 2221 651 2266 aunt
666 2223 720 2266 aaa
736 2219 855 2279 natum,
872 2202 913 2276 ¹⁵)
938 2210 992 2266 ced
1012 2209 1141 2282 nequitia
1158 2210 1212 2265 du.

151 2299 291 2368 bicrum,
317 2301 382 2356 i.·e.
399 2295 436 2366 ⁴⁶)
459 2299 638 2355 instabilium
662 2311 693 2355 et
714 2299 935 2355 incredulorum
952 2299 1119 2356 hominum.
1152 2299 1215 2370 Sed

150 2392 306 2449 Dominua
329 2391 386 2446 erit
406 2390 583 2459 comacum,
609 2401 641 2446 ut
664 2390 813 2445 furiosum
827 2387 992 2447 Diabolum
1010 2391 1205 2447 conculcetis.

154 2484 260 2559 Quum
279 2497 311 2537 re
326 2474 367 2548 ¹⁷)
388 2489 524 2547 conaret,
550 2496 655 2535 eorum
670 2480 806 2550 dogmata
823 2479 916 2535 fuisse
933 2492 963 2536 et
979 2495 1048 2536 esse
1065 2481 1095 2536 in
1113 2479 1210 2545 abusu

153 2581 185 2627 et
201 2570 294 2644 impio
310 2585 400 2625 aeneu
417 2570 579 2625 animarum
597 2567 710 2624 infinito
727 2569 819 2624 malo:
845 2566 1000 2623 serendum
1016 2585 1078 2625 non
1095 2579 1158 2639 eat,
1175 2579 1210 2625 ut

154 2674 300 2717 ornentur
315 2676 394 2714 nunc
412 2659 493 2714 bono
512 2673 604 2714 aenan
620 2669 650 2713 et
664 2658 905 2731 interpretatione
918 2659 1094 2727 commoda,
1113 2658 1167 2714 sed
1177 2660 1211 2714 in

153 2767 282 2825 poenum
300 2751 399 2821 potius
416 2760 555 2804 autorum
578 2747 788 2804 scandalorum
805 2758 834 2803 et
851 2746 1042 2804 dominorum
1058 2749 1210 2804 malorum
1307 2777 1310 2782 ·

152 2843 301 2897 illatorum
318 2833 358 2907 ¹⁸)
383 2839 524 2895 tollantur
548 2847 581 2892 et.
602 2838 762 2908 perdantur
785 2837 936 2903 funditus,
966 2847 997 2892 ut
1022 2854 1084 2892 non
1109 2838 1210 2894 solum

154 2932 303 3003 superflua
326 2941 356 2985 et
379 2930 490 2984 inutilia
505 2920 542 2992 ¹⁹)
567 2937 596 2982 et
618 2944 680 2981 non
696 2927 882 2996 neceardria,
906 2927 959 2981 sed
978 2937 1008 2981 ut
1024 2927 1148 2983 faciliter
1162 2927 1208 2993 ὀ)

154 3019 324 3094 reparabilia
341 3020 370 3074 in
388 3019 520 3090 priorem
536 3016 681 3086 abusum,
708 3018 785 3072 sicut
809 3032 933 3090 serpena
958 3032 1068 3073 aeneus
1085 3028 1219 3091 propter·

154 3107 329 3175 abueum²¹)
347 3109 478 3181 perditus
496 3107 594 3163 catab
612 3105 756 3176 Brachia,
775 3122 843 3161 cum
862 3122 917 3162 nec
935 3107 1136 3176 necessarius,
1152 3109 1210 3180 aad

153 3199 359 3256 tantummodo
371 3199 414 3264 ²²)
429 3199 618 3271 periculosus
633 3206 724 3253 eeaet.
760 3195 822 3271 Qui
839 3207 915 3252 amat
932 3198 1113 3269 periculum,
1130 3198 1208 3270 peri.

201 3440 223 3490 r)
237 3433 395 3482 coracem
410 3433 488 3481 neo..
524 3429 787 3483 niustrntntsoo.
824 3420 1068 3483 contentam
1087 3434 1214 3494 aare

152 3509 233 3556 niun.
271 3511 293 3561 5)
306 3509 367 3558 bladi
377 3499 441 3552 As·
461 3505 522 3557 Θώ,
536 3507 591 3552 hoe,
613 3505 723 3553 coddfi.
737 3504 785 3551 lale.
827 3507 890 3556 6)Λ.
904 3506 1101 3553 condemnentur.
1138 3504 1215 3567 DA.

152 3585 227 3630 imeae
241 3581 382 3637 obaedicta
432 3583 455 3632 8)
469 3580 577 3626 Coddtl.
591 3583 747 3636 postremum.
798 3580 820 3628 9)
835 3581 862 3624 Α.
877 3578 1035 3628 reduetlbilla.
1081 3584 1113 3635 ta)
1128 3582 1205 3639 bibi,

150 3662 254 3704 tatum.
295 3659 329 3706 11)
343 3654 479 3705 ’παπ-
496 3654 555 3704 bib·
570 3652 680 3698 condo.
694 3652 838 3704 unati.uta.
880 3654 913 3703 12)
929 3654 989 3704 &dt-
1003 3654 1205 3712 (leddarum.

150 3732 185 3782 ¹3)
203 3728 265 3779 ὅσ),
283 3726 426 3785 improprio.
476 3727 509 3778 12)
528 3724 635 3771 coddG.
651 3726 666 3777 †
681 3728 705 3771 et
718 3724 877 3771 neeetrarlae.
928 3728 960 3777 15)
978 3730 1007 3772 Α.
1021 3740 1100 3775 -rua
1112 3733 1205 3779 natura.

149 3806 185 3857 16)
198 3803 309 3850 coddtl.
324 3806 349 3849 et
360 3803 385 3854 tl.
399 3801 414 3847 1.
424 3812 446 3847 e.
497 3803 529 3851 tt)
544 3803 570 3844 tl.
586 3798 746 3857 Qunmenlm.
796 3802 830 3853 18)
844 3801 872 3843 Α.
887 3800 929 3844 aed
942 3800 967 3844 in
976 3804 1114 3857 praetentla
1124 3805 1218 3862 potiue-

150 3883 262 3924 autorum
273 3875 440 3922 scandalorum
450 3873 591 3919 damnemur
601 3872 719 3919 malornm
728 3871 833 3918 illorum.
859 3873 902 3926 ndi
912 3873 968 3926 lrabt
977 3876 1080 3927 blimart
1094 3883 1205 3926 autorum

149 3949 678 4002 aotrnalorunrtoleaiertaainmciooreo.
725 3947 758 3996 19)
771 3947 876 3990 A.-et
888 3945 992 3994 inutilia.
1035 3952 1111 4002 tuta.
1126 3953 1205 4000 senor

147 4026 231 4073 tacite.
267 4027 302 4076 21)
315 4028 344 4071 Α.
358 4024 374 4075 †
387 4020 459 4069 etlam
473 4018 670 4068 substantialiter.
708 4019 743 4072 22)
757 4017 817 4091 Θῶ.
830 4019 955 4092 ettamen.
982 4019 1058 4071 codd.
1068 4024 1094 4072 ὓ.
1110 4029 1135 4074 el
1143 4029 1200 4075 turn.
