2730 4724
134 317 197 387 822
617 316 708 391 15⁴2.

137 433 281 533 Gratiam
298 482 327 533 el
343 492 457 552 pacem.
493 475 580 553 Quae
597 477 724 547 scribis,
748 476 791 535 ml
806 477 970 549 uon-,ue
986 472 1188 544 fmcta'verlii,

136 565 231 623 laetus
248 567 361 624 audivit
377 569 447 624 alias
464 579 494 624 et
512 569 614 624 laetius
632 570 676 639 egi
695 570 723 624 in
737 569 796 624 tuis
813 570 919 625 literis.
957 568 1032 641 lpse
1043 569 1189 633 Domum

136 657 188 730 qui
213 659 313 730 coepit
333 671 410 730 opus
433 675 537 727 suum,
565 656 716 729 perficiet,
741 660 851 715 Amen.
886 658 939 715 De
964 658 1088 714 silentio
1104 653 1191 711 carus

136 747 211 803 nulia
230 745 257 814 ³)
281 763 334 803 seu
351 764 423 821 pace
441 749 506 804 datu
531 765 587 819 rgo
611 749 766 821 auspicor¹
791 763 820 803 ct
837 765 911 804 cum
933 747 1129 814 miscendo,
1150 744 1191 818 (μ’

137 836 1073 909 suspectumhabenthocorganumSatanaesiugulsrisaimum.
1094 836 1192 908 Neque

138 925 259 994 dubito,
284 930 356 999 quin
380 929 416 982 sit
438 945 531 984 novas
556 918 676 983 daturus
699 926 800 984 turbas
825 926 1015 1000 aliquando,
1034 915 1071 984 'ut
1087 928 1193 983 tracen

72 1014 80 1025 '
136 1017 232 1072 mirati
245 1035 388 1086 cogamur
404 1033 473 1073 cum
485 1019 559 1090 Syro
578 1018 629 1074 illo
641 1018 792 1087 Terentii,
810 1028 840 1073 et
852 1017 975 1075 dicere:
994 1019 1069 1075 Hoc
1081 1032 1194 1088 semper

121 1100 259 1162 'levitam
294 1108 444 1176 Mirabar,
462 1123 606 1179 quorsum
624 1107 684 1164 hoc
702 1109 757 1164 iret
772 1108 893 1164 Satanae
911 1108 1084 1165 anensium:
1101 1117 1133 1163 ut
1146 1105 1194 1161 aci.

137 1213 206 1257 mus
224 1200 289 1267 ejus
305 1199 517 1268 cogitationes,
539 1200 636 1268 magni
653 1198 759 1270 aliquid
778 1196 838 1255 alit.
869 1198 1026 1270 Denique
1048 1206 1079 1257 et
1100 1196 1195 1255 triviis

139 1304 240 1343 aurem
265 1289 326 1344 hoc
356 1289 439 1357 dico,
471 1289 545 1344 mihi
570 1289 685 1345 moveri
711 1288 903 1360 suspiciones
931 1289 1096 1359 ingentes,
1123 1286 1196 1360 quod

139 1388 243 1433 contra
260 1377 394 1434 'furcam
412 1394 474 1432 nos
492 1377 653 1434 Luthcrani
677 1378 829 1443 mittantur
851 1377 918 1432 lere
934 1378 1014 1435 ‘soli
1048 1376 1120 1435 ltex
1133 1376 1196 1434 Far.

138 1467 282 1526 dicandus
304 1484 344 1524 ex
366 1469 491 1524 Bctlmia
514 1468 670 1540 pecuniam
693 1468 829 1524 bellicam
855 1465 986 1524 abstulit
1010 1469 1151 1538 tendent,
1171 1476 1196 1523 at

138 1557 295 1630 prohibuit
304 1558 428 1614 militem
440 1558 526 1614 mitti.
561 1556 847 1614 Caesaruihilsaeit.
881 1556 988 1632 Quid,
1007 1556 1196 1616 siconsiiin

140 1662 246 1702 eorum
263 1647 318 1716 ait,
335 1658 366 1702 ut
382 1664 399 1702 a
415 1648 519 1706 Turca
536 1646 726 1703 occidamur?
757 1646 809 1703 De
825 1645 902 1703 ilalli
919 1662 1051 1720 quoquc
1067 1656 1119 1706 un
1133 1662 1196 1707 m

139 1736 205 1795 silla
223 1737 361 1792 ineuntur
377 1737 425 1801 (ut
441 1733 560 1800 metuo)
577 1736 648 1793 satia
666 1734 802 1792 satanica.
837 1734 895 1792 liic
918 1737 1074 1794 orandum
1090 1747 1155 1806 est,
1170 1742 1196 1791 et

140 1824 279 1887 Ecclesia
302 1827 456 1883 excitanda
472 1838 537 1895 est,
561 1835 595 1881 ut
612 1843 666 1898 pro
681 1826 773 1896 gloria
791 1823 849 1882 Dei
872 1835 942 1881 oret
957 1837 1071 1887 contra
1086 1827 1196 1885 'lurco

141 1916 292 1985 carnales,
315 1915 344 1974 id
362 1925 423 1984 eat,
439 1914 670 1972 Mahometistas
688 1926 718 1970 et
733 1915 888 1983 forenses,
906 1913 960 1970 sed
979 1916 1080 1988 magia
1102 1924 1197 1975 ccam

140 2003 257 2066 OEureas
274 1994 461 2076 spirituales,
490 2005 519 2061 id
537 2014 600 2069 eat,
624 2004 808 2061 domesticos
825 2013 855 2060 et
872 2002 1083 2064 Meiuziacoa.
1116 2008 1196 2081 spru

141 2093 374 2163 tamenlrabeo,
396 2094 477 2166 quod
494 2094 621 2150 infelicia
639 2094 696 2150 sint
712 2094 808 2149 lutura
828 2108 935 2150 eorum
951 2096 1105 2164 consilia,
1129 2110 1196 2171 qus

141 2184 286 2243 siueDec
303 2196 405 2240 contra
416 2183 535 2254 Deum,
552 2195 580 2240 et
597 2185 678 2256 quod
694 2181 840 2256 optimum
858 2193 921 2250 eat,
937 2197 1053 2243 contra
1068 2187 1198 2258 ipsum

142 2274 358 2333 conscientiam
381 2284 552 2333 tractantur.
584 2273 692 2346 Neque
715 2272 793 2329 enim
811 2273 992 2331 metuendae
1018 2286 1069 2333 est
1088 2276 1196 2346 bulis.

141 2363 192 2436 qui
208 2375 314 2420 contra
330 2364 543 2420 conscientium
562 2380 645 2420 suam
663 2363 850 2420 manifestum
870 2363 979 2434 aliquid
998 2365 1126 2438 publice
1141 2383 1198 2425 uto·

140 2453 221 2520 litur,
238 2455 367 2511 maxime
380 2455 405 2510 si
417 2455 599 2511 oraverimus
612 2453 726 2509 fortiter
738 2464 767 2508 et
777 2452 972 2511 confidenter.
1006 2455 1073 2512 Fur
1082 2457 1197 2530 quiusa

138 2555 246 2603 contra
268 2544 480 2603 conscientiam
504 2545 631 2610 furatur,
655 2544 708 2599 scd
732 2543 793 2598 hcc
818 2543 887 2599 lacit
910 2542 1008 2599 clama
1035 2543 1069 2600 hi
1086 2546 1198 2619 publica

141 2635 306 2695 moliuntur
329 2644 431 2690 contra
453 2632 676 2693 conscientiam.
708 2631 753 2687 Ea
779 2648 866 2703 spero
889 2648 951 2687 nou
966 2631 1113 2692 habitura
1135 2651 1198 2692 aue·
1233 2654 1236 2711 1

75 2729 78 2735 '
140 2741 281 2793 cessum,
299 2734 328 2780 et
345 2724 415 2779 Dco
433 2723 540 2793 gratia,
557 2723 639 2794 quod
656 2738 761 2777 eorum
778 2722 901 2778 consilia
923 2736 995 2778 esse
1013 2726 1080 2797 talla
1097 2725 1197 2783 intelli.

26 2814 29 2823 '
141 2817 260 2887 gimus,
279 2826 308 2870 et
325 2815 460 2871 oratioue
477 2813 623 2868 hactenus
640 2811 764 2868 feliciter
777 2811 958 2879 restiu'mus,
972 2822 1003 2868 et
1016 2815 1196 2875 ,resistemus

141 2920 237 2978 usque
263 2906 292 2960 in
316 2904 404 2960 finem
429 2919 483 2972 per
509 2903 573 2973 ejus
599 2901 756 2969 virtutem,
789 2901 839 2972 qui
865 2918 920 2972 pro
945 2900 1039 2960 nobis
1070 2905 1197 2962 infirmat

141 2997 259 3063 factus,
274 2996 394 3050 tandem
411 3002 548 3049 conteret
565 2992 699 3062 ipsorum
719 2990 831 3045 furiosa
849 2990 982 3048 consilia.
1019 2993 1085 3054 nul
1101 2990 1194 3064 faur

142 3084 231 3154 nidus
248 3082 348 3153 ltlfrn.
382 3084 435 3140 Tu
447 3099 533 3147 cura,
552 3093 584 3136 ut
594 3079 731 3136 Ecclesia
746 3090 813 3135 oret
825 3082 848 3145 ¹)
869 3080 1027 3149 diligenter
1038 3101 1098 3156 pro
1115 3100 1195 3141 exer.

141 3178 205 3232 citu
221 3194 237 3231 a
255 3173 478 3247 uniusquidem
495 3172 609 3238 misso,
628 3170 681 3226 aed
698 3170 734 3225 ab
752 3170 806 3225 illis
824 3170 870 3234 (ut
886 3171 1042 3243 suspicor)
1062 3175 1193 3248 prodito,

133 3278 174 3331 ⁴ut
198 3265 415 3323 contundantur
438 3265 467 3318 in
489 3261 620 3317 consiliis
644 3261 714 3316 suis.
749 3260 805 3315 Sed
829 3259 904 3314 haec
926 3262 1004 3332 apud
1029 3274 1061 3319 te
1085 3274 1192 3321 serva

142 3357 298 3415 Caeterum
311 3357 437 3411 salutant
454 3364 482 3409 te
500 3368 605 3408 omnes
616 3351 711 3407 nostri
726 3387 733 3416 ,
750 3365 778 3405 et
791 3365 875 3404 meua
888 3349 987 3405 Ketha
1004 3363 1036 3408 te
1048 3366 1078 3409 et
1095 3369 1190 3411 omues

142 3458 223 3504 tuos.
256 3445 291 3502 In
307 3444 442 3503 Domino
457 3440 533 3498 bene
558 3441 632 3496 vale.
664 3442 707 3500 29.
724 3439 908 3507 Decembe,
932 3453 1011 3497 auno
1028 3442 1190 3501 MDXLII.

807 3545 849 3605 Τ.
865 3545 1018 3605 Martinus
1037 3548 1158 3608 Luther.
1228 3554 1236 3747 1

188 3783 211 3834 l)
232 3779 329 3828 Auris.
344 3783 421 3828 curel.
534 3820 537 3825 .

189 4002 213 4054 ‘l
229 4001 281 4052 vu
292 3998 399 4055 uariunt
411 4006 457 4050 tou
470 4001 572 4054 mutuat
