2730 4724
635 367 727 436 ans.
773 312 776 317 ’
987 390 991 401 ι
1149 364 1210 436 en

150 517 313 595 Mercbie,
333 522 490 580 manifesta
510 522 640 598 perfidia.
672 525 752 583 Nam
769 525 852 583 visus
869 543 886 582 e
903 518 1085 582 Schirlentio
1102 535 1211 582 nostro

150 613 404 686 Brendeoburgae
420 626 450 671 et
468 634 483 670 a
501 617 630 673 schotto
647 629 693 674 est
710 629 767 674 etc.
781 616 808 685 ¹)
826 618 1018 688 Magistratus
1031 619 1095 690 ipse
1109 618 1211 672 admo.

150 704 218 759 nuit
233 717 372 773 nostros,
389 722 457 762 esse
474 706 608 764 Kolbasa
618 708 646 774 ²)
665 713 693 764 in
710 709 801 777 urbe,
819 709 873 765 sed
889 709 914 764 si
932 709 1023 764 velint
1034 705 1065 776 3)
1081 707 1212 763 marchi.

152 808 236 862 sere,
253 794 369 853 dicente
386 796 529 852 Lusimus
545 798 631 869 quasi
649 799 825 855 territantes.
859 799 977 855 Tamen
993 815 1051 855 nos
1068 799 1120 854 bic
1135 799 1212 855 inte.

151 883 211 938 rim
222 883 364 954 jubemus
380 885 457 955 ligna
475 886 550 941 intra
567 887 672 942 urbem
689 888 765 943 trahi
785 886 923 952 (arbores
938 885 1041 961 puta),
1057 905 1096 944 ne
1114 883 1212 956 ltus!

154 989 195 1028 ex
219 974 255 1028 iis
277 987 399 1047 pontem
421 977 511 1032 faciat
532 989 626 1033 noctu
649 992 741 1050 super
764 971 950 1046 tusculani)
984 975 1051 1038 biit
1070 975 1127 1044 tub
1144 975 1211 1037 titel

152 1062 300 1120 Hectores
325 1076 355 1119 et
375 1066 529 1132 Achilles,
548 1068 698 1123 neminem
722 1067 933 1138 formidantes,
960 1069 1075 1124 etiamsi
1100 1067 1156 1123 soli
1180 1077 1212 1124 et

150 1153 218 1208 eine
233 1151 374 1210 hostibus
392 1170 510 1211 sumunt
534 1173 639 1212 verum
656 1157 766 1224 eredo,
792 1158 874 1230 quod
890 1157 1063 1213 Mezentius
1080 1157 1209 1230 scripsit.

150 1239 236 1299 Nem
251 1255 445 1313 certamen,
464 1247 544 1317 quod
563 1264 618 1319 per
632 1245 799 1303 Grimmam
817 1257 969 1315 nostram,
986 1264 1022 1302 ac
1039 1246 1210 1320 peripsum

149 1335 251 1391 lorum
280 1335 402 1391 meridie
427 1336 488 1409 ipsa
514 1348 614 1408 aperta
639 1338 733 1407 lucie,
767 1339 805 1393 ita
830 1349 863 1393 ut
888 1337 988 1392 multis
1014 1339 1051 1393 sit
1079 1338 1210 1408 agnitus,
1270 1384 1277 1407 ,

149 1422 325 1496 quindecim
342 1425 426 1497 equis
444 1428 600 1496 profectus
617 1427 656 1482 sit
671 1426 842 1496 Decedam,
858 1428 908 1482 tel
920 1444 935 1480 a
947 1426 1077 1482 Dresda.
1110 1424 1169 1481 Ubi
1181 1424 1211 1483 id

104 1574 109 1582 .
149 1514 265 1570 nostrie
280 1513 385 1584 ligneis
403 1514 544 1588 Geo'rgiis
568 1527 614 1571 est
637 1516 813 1586 indicatum,
838 1516 976 1571 dicuntur
999 1514 1210 1588 respondisse,

148 1618 188 1659 ee
210 1603 419 1675 prohibituros
443 1605 549 1671 luisse,
576 1605 601 1660 si
624 1606 764 1661 scissent.
780 1597 812 1672 ⁵)
844 1604 887 1662 Et
902 1605 1033 1674 Magnus
1054 1599 1212 1678 quideme

148 1690 293 1751 Dreeden
311 1695 425 1750 dixeret
443 1695 473 1750 in
490 1695 642 1763 Grimma,
660 1695 760 1751 mirari
777 1712 811 1751 se
821 1735 831 1764 ,
849 1695 930 1767 quod
943 1695 1090 1768 Princeps
1107 1705 1213 1751 noster

149 1793 214 1842 tem
235 1785 397 1841 betausam
412 1777 440 1851 6)
467 1786 687 1842 insultationem
712 1786 799 1842 istius
822 1784 978 1871 Mezentii
996 1795 1156 1858 pateretur.
1179 1783 1212 1850 l)

149 1874 209 1931 ses
226 1885 366 1946 apparet,
391 1892 449 1932 nos
467 1866 483 1930 a
500 1877 602 1933 satana
619 1877 680 1950 peti
700 1886 731 1932 et
745 1876 911 1933 domestice
928 1884 958 1932 et
974 1875 1125 1932 forinseca
1142 1890 1213 1949 per.

150 1963 236 2021 ante·
260 1965 411 2021 Nobilitas
427 1966 493 2022 vult
507 1966 666 2040 principari
684 1974 713 2023 et
727 1965 886 2039 Principes
901 1965 1088 2039 opprimere,
1105 1975 1139 2022 ut
1154 1964 1213 2022 siut

151 2055 252 2114 omnia
269 2071 352 2111 mere
368 2055 486 2112 seditio.

217 2183 278 2270 Sed
294 2183 430 2256 jucunde
453 2193 483 2240 et
506 2184 632 2258 pulchre
657 2194 744 2251 sunt,
766 2201 843 2258 quse
867 2182 918 2240 tibi
941 2182 1111 2241 scribuntur
1127 2176 1157 2254 ⁷)
1174 2183 1214 2240 de

150 2272 210 2331 sti·
225 2284 278 2332 tue
295 2273 417 2345 Henna,
442 2291 519 2348 quae
536 2275 651 2348 peperit
667 2273 755 2331 liliam
772 2276 911 2344 alteram,
937 2274 1035 2346 ignare
1058 2291 1127 2332 sese
1144 2289 1212 2333 esse

151 2374 383 2439 praegnantem,
407 2364 505 2421 donec
528 2366 627 2420 vicina
650 2374 732 2421 esset
757 2365 863 2438 partui.
896 2364 965 2421 Nos
991 2364 1057 2421 laeti
1082 2375 1112 2421 et
1137 2363 1212 2436 grati

150 2453 223 2512 Deo
247 2454 368 2511 risimus
394 2470 499 2510 omues
522 2455 662 2511 suaviter.
697 2455 813 2510 Salvam
839 2469 904 2512 esse
928 2455 1051 2510 domum
1074 2465 1153 2510 tuam
1171 2469 1212 2513 ex

151 2546 244 2602 literis
263 2543 457 2616 Magdalenae
480 2555 546 2600 tuae
568 2545 722 2615 intelliges.
757 2543 852 2617 Super
875 2544 924 2600 his
950 2554 980 2598 et
1005 2545 1069 2600 aliis
1091 2545 1211 2602 inlinitis

151 2633 304 2708 bneficiis
322 2635 383 2691 Dei
401 2635 597 2690 consolemur
612 2650 669 2690 nos
688 2634 831 2691 adversus
848 2644 892 2689 tot
909 2634 1039 2704 indignas
1057 2627 1086 2702 ὅ)
1107 2644 1213 2690 contu.

153 2724 255 2781 melias
274 2735 303 2780 et
320 2725 410 2780 lurias
426 2723 548 2780 Diaboli
567 2732 595 2778 et
611 2723 778 2780 hominum.
811 2723 882 2778 Vale
898 2723 926 2779 in
942 2721 1065 2779 Christo
1078 2734 1108 2779 et
1119 2723 1213 2780 saluta

153 2810 196 2871 D.
212 2815 382 2872 Pontenum
400 2825 429 2868 et
447 2814 618 2870 sturmium.
650 2811 717 2882 Ego
743 2812 788 2867 sic
804 2812 915 2872 mixtae
932 2810 1106 2869 valetudinis
1123 2813 1210 2886 coepi

151 2902 242 2960 bodie
266 2914 435 2959 resumtum
460 2903 490 2957 in
513 2900 638 2958 Genesi.
671 2899 770 2956 Nimis
794 2901 874 2963 enim
897 2911 982 2956 vacat
1006 2899 1156 2972 theologia
1181 2913 1213 2960 ct

153 2995 257 3068 friget,
276 3004 306 3049 te
324 2992 444 3048 absente
464 3003 493 3047 et
509 2991 700 3060 Pomerano,
719 3003 748 3046 et
766 3007 813 3045 me
831 3002 1011 3062 aegrotante.
1043 2991 1087 3048 D.
1100 2993 1211 3053 Justus

152 3083 373 3141 deambulatum
390 3083 490 3138 abiens
507 3100 568 3138 non
587 3092 633 3137 est
651 3081 742 3136 domi.
776 3081 818 3137 D.
831 3081 941 3153 Caspar
953 3083 1036 3138 solus
1049 3093 1095 3139 est
1105 3082 1211 3142 Theo.

153 3175 238 3244 logos
255 3173 322 3231 istis
338 3172 455 3229 dlebus.
487 3173 592 3228 Altera
608 3170 730 3239 Martii,
749 3186 825 3240 anuo
842 3170 1053 3230 MDxxxtx.

703 3289 707 3298 “
823 3300 863 3359 Τ.
880 3301 1031 3360 Martinus
1048 3301 1178 3364 Lutber.

201 3590 445 3644 nemetiam.
493 3591 705 3645 muhamet.
754 3592 777 3643 3)
798 3591 900 3643 ΜΛ.
918 3592 1014 3640 volent.
1062 3535 1208 3648 „emp

152 3666 265 3712 lomus.
312 3664 415 3718 964).
433 3664 571 3714 ecirleeent
620 3669 642 3720 t)
660 3664 721 3718 ΒΦ.
738 3664 905 3714 iulastuosam.
955 3667 1209 3723 ventulentur.
1255 3701 1259 3723 .

150 3738 247 3792 uteo·
260 3743 289 3786 Α.
302 3750 408 3797 masuet-

198 3976 222 4029 ’t
235 3976 299 4025 mee
312 3973 462 4028 mnutttnte
471 3973 558 4043 penta
571 3974 680 4033 &turta
693 3980 739 4022 ten
752 3973 931 4031 breuntdnrte
944 3976 1115 4032 (metentium
1127 3977 1170 4031 tat
1184 3989 1209 4028 re

150 4048 465 4109 mmmteeettttiittt·
483 4048 1140 4107 netutennmteutaeaottdttttmwatsxttu.
1149 4055 1207 4104 ¹590.
