2730 4724
628 350 725 425 46³9.
1129 342 1206 427 tra

149 508 232 569 Nam
247 510 310 568 hoc
327 521 373 569 eat
389 527 539 569 summum
555 520 587 568 et
597 514 761 569 maximum
778 511 908 569 officium
921 529 1041 584 regum,
1060 512 1112 585 qui
1129 514 1206 569 ultra

149 601 305 676 politicam
315 602 604 657 administrationem
616 601 715 675 pietu'ti
729 601 905 658 christianae
922 604 1038 670 favent,
1056 620 1113 675 qua
1130 605 1206 659 lanta

151 708 225 765 prpe
241 692 351 759 ceteris
366 690 489 763 mirilice
507 692 675 747 celebrator
690 692 834 763 Majestaa
851 703 916 760 tua,
938 694 1008 747 Rex
1024 693 1206 763 clarissime,

152 793 186 838 et
203 798 359 853 precamur
368 781 550 850 Dominum,
565 794 599 837 ut
616 781 722 852 spiritu
737 798 793 836 atro
811 782 954 851 gubernet
971 799 1025 836 cor
1037 783 1205 852 Majeatatia

151 881 232 927 tuae.
265 869 362 926 Habet
385 869 492 926 adluat
510 888 559 924 rea
581 880 611 926 et
627 871 697 926 alias
714 871 774 947 Dei
791 872 881 945 gratia
898 871 1045 941 Majeetaa
1070 884 1117 925 tua
1133 873 1206 928 actia

152 958 261 1015 idonea
282 944 476 1014 instrumenta
497 959 573 1015 inter
588 971 732 1025 exteros,
757 959 853 1030 ipsum
865 960 928 1029 jam
945 970 1084 1016 vocatum
1102 962 1209 1031 paeda.

151 1062 263 1119 popum
280 1048 329 1103 filii
353 1049 423 1116 regii
442 1047 606 1117 Georgium
623 1047 811 1129 Norrmann,
836 1049 886 1120 qui
911 1066 965 1120 per
981 1048 1029 1104 M.
1045 1036 1208 1106 Nicolaum

151 1137 274 1193 taudem
295 1148 429 1209 repertur
451 1150 481 1191 et
503 1153 518 1190 a
537 1153 584 1191 me
607 1137 693 1191 etiam
718 1148 851 1206 rogatos,
869 1138 951 1192 venit
968 1138 1117 1209 Majeatati
1139 1150 1207 1201 tuae

154 1227 336 1284 territurus.
368 1226 469 1281 Homo
493 1238 538 1281 cst
564 1227 801 1293 sanctaenon,
826 1227 996 1296 modestus,
1021 1229 1152 1283 sincerus
1177 1238 1209 1285 et

155 1318 289 1385 doetus,
306 1314 476 1371 idoneuset
487 1314 590 1385 dignor
607 1315 729 1369 omnino
746 1315 932 1386 paedagogus
949 1317 1018 1385 regii
1035 1315 1099 1384 lilii,
1117 1334 1208 1390 quem

152 1419 224 1463 tuae
249 1404 400 1476 Majeatati
427 1404 513 1460 unice
539 1405 734 1458 commendo.
760 1405 901 1476 Denique
927 1407 1067 1462 comitem
1094 1408 1208 1465 itineri·

156 1495 207 1551 aui
231 1495 349 1550 adducit
365 1493 549 1549 Miclrac'lem
567 1492 754 1562 Agricolam,
778 1494 898 1549 Sueciae
917 1506 983 1550 tuae
1000 1496 1088 1550 lilium
1112 1507 1142 1552 et
1166 1497 1209 1552 in.

156 1587 312 1655 digeram,
332 1584 474 1655 juvenem
492 1599 581 1650 sane,
607 1581 659 1636 aed
682 1581 863 1649 eruditione,
888 1580 1004 1653 ingenio
1030 1598 1060 1640 et
1076 1586 1209 1642 moribua
1312 1574 1316 1585 ¹

157 1677 374 1741 excellentem,
392 1673 441 1744 qui
460 1674 568 1741 poterit
585 1673 613 1726 in
630 1687 723 1739 regno
735 1672 901 1741 Majestatia
918 1685 984 1728 tuae
998 1675 1123 1747 plurimo
1140 1692 1210 1734 ease

154 1766 243 1822 usai:
261 1777 291 1819 et
302 1765 384 1819 hunc
397 1762 547 1833 lllajeatati
560 1773 625 1817 tuae
638 1761 818 1816 commendo
832 1762 1030 1833 utprobatum
1043 1763 1210 1835 homiuem,

156 1866 191 1909 et
207 1871 315 1926 precor
331 1852 502 1917 Christum,
525 1864 557 1905 ιιι
575 1867 628 1921 pcr
645 1850 704 1904 lios
723 1851 845 1905 multum
867 1853 994 1907 fructum
1020 1855 1106 1909 faciat
1124 1856 1213 1913 (thri.

157 1958 226 1999 etue
252 1943 335 2013 ipae,
362 1942 412 2012 qni
440 1956 493 1996 coa
522 1956 574 2011 per
598 1938 789 2007 Majestatem
815 1950 896 1995 tuam
920 1953 1009 1998 vocat
1032 1955 1062 1999 et
1085 1945 1211 2003 ordinat.

156 2014 320 2091 Benedicat
337 2030 425 2099 igitur
441 2029 504 2101 ipae
521 2027 611 2082 Pater
626 2026 899 2083 misericordiarum
920 2031 1057 2097 omnibus
1076 2034 1210 2093 consiliis

156 2135 188 2178 et
205 2120 348 2194 operibus
371 2119 465 2189 regiae
482 2128 547 2195 tuae
565 2114 732 2186 Maleatatia
748 2117 857 2190 Spiritu
879 2135 935 2175 tuo
952 2134 1056 2177 sancto
1073 2125 1212 2198 copiare,

156 2218 269 2271 Amen.
301 2208 385 2267 Ferit
402 2219 487 2265 sexta
502 2217 572 2279 port
588 2205 882 2280 Quuaimodogeniti‚
901 2209 1109 2270 MDXXXIX.

479 2313 517 2369 R.
535 2312 686 2383 Mujeatuti
705 2322 770 2368 tuae
787 2314 921 2371 addictus
1079 2380 1083 2392 Ι

915 2406 1064 2465 Martiana
1086 2410 1212 2474 Luther.

197 2740 239 2794 Β).
252 2733 366 2803 Satil.
875 2733 932 2790 ΝΟ.
950 2736 1178 2800 MDCCCLIV.

310 2887 360 2956 lta
380 2883 494 2956 litu.
516 2834 705 2962 ittilnutt
728 2878 858 2959 ilium
880 2883 912 2953 ln
934 2883 1062 2956 uruit.

589 3039 639 3091 Cin
659 3038 788 3092 titiana.

210 3260 264 3310 ω
276 3255 454 3311 ιιτίῐιυιιί
465 3252 625 3310 unartrurltrr
639 3257 784 3314 emnium
797 3260 814 3305 t.
825 3261 871 3310 m
884 3262 925 3314 tra
938 3262 1049 3325 &uiue
1062 3266 1102 3313 lll.
1116 3269 1161 3317 tut.

161 3399 219 3489 G·
237 3451 269 3497 et
284 3441 319 3498 P.
337 3441 366 3497 in
384 3437 514 3495 Christo.
546 3437 730 3493 Venerabilia
754 3438 885 3495 Domine
904 3440 1029 3514 Pastor,
1053 3457 1211 3522 postquam

162 3536 213 3590 ille
237 3535 336 3589 Simon
353 3532 451 3587 Herse
475 3530 650 3584 renuntiavit
672 3528 878 3599 Margarethae
893 3532 976 3589 Tiela
997 3550 1114 3607 pactum
1138 3557 1212 3598 con.

156 3624 251 3696 jurii,
274 3637 302 3679 et
325 3625 434 3678 fatetur
450 3621 531 3691 prius
548 3623 572 3685 ¹>
596 3631 731 3673 scortum
754 3635 842 3675 suum
859 3624 907 3691 (ut
924 3630 1048 3691 vocant)
1067 3630 1211 3700 retinere,

163 3717 243 3771 aicut
258 3724 401 3769 testantur
417 3710 480 3778 ejus
498 3712 614 3775 literae,
639 3709 764 3777 tigillum
784 3723 813 3771 et
830 3728 951 3771 manuae
976 3717 1043 3771 ideo
1061 3718 1211 3791 Margare-

162 3808 246 3865 mam
262 3804 442 3878 praedictam
459 3816 475 3853 tt
491 3800 576 3854 nobit
594 3799 715 3853 liberam
727 3803 942 3872 pronuntiatam
960 3807 1021 3874 lac,
1039 3819 1070 3865 ut
1087 3814 1208 3891 copuler

212 4025 232 4075 t)
248 4024 277 4068 Λ.
292 4019 410 4079 prioratu.
