2730 4724
636 315 728 392 isid.
1145 305 1209 385 6³2

221 476 348 535 Mollem
361 485 464 548 certe,
480 484 510 534 te
527 491 593 535 esse
609 478 798 535 validiorem:
816 476 887 548 sed,
903 475 955 535 ubi
972 475 1082 544 scutis,
1097 479 1129 531 te
1145 490 1208 532 nou

153 581 249 641 posse
262 569 360 640 toqui,
379 578 491 636 orote,
509 577 541 623 ut
551 568 649 640 potius
661 569 836 624 valetudinis
849 579 916 625 tuse
929 567 1074 624 rationem
1084 564 1208 634 lubeas,

153 671 246 729 quam
262 668 296 712 ut
313 657 438 729 emplius
456 656 508 711 tibi
531 672 667 713 accersas
691 657 925 715 incommodum.
957 655 1072 712 Melius
1089 661 1153 723 est,
1177 661 1209 709 te

152 747 258 802 vivere
275 744 482 815 semimutum,
499 763 587 817 quom
598 747 676 802 mori
687 747 918 804 voeatissimum.
951 744 1068 803 Poteris
1082 743 1209 801 consilio

153 844 187 892 ct
195 836 369 892 auctoritate
382 836 530 892 Ecclesiis
544 837 698 909 prodesse,
710 838 797 892 etism
808 836 1030 893 semimortuus.
1058 833 1100 893 Et
1111 834 1208 904 vides,

154 942 246 999 quam
263 927 322 982 sint
338 926 499 980 necessarii
516 927 646 982 veterani
663 926 772 983 milites
787 925 916 994 Christi,
934 937 969 983 ut
978 924 1139 981 roboretur
1151 940 1207 998 peu

154 1031 210 1071 eos
228 1029 423 1072 succrescens
442 1024 471 1069 et
488 1026 590 1070 tenera
608 1015 705 1071 adhuc
722 1013 844 1086 pueritia
860 1030 986 1082 eorum,
1004 1015 1056 1087 qui
1068 1023 1207 1071 nostrum

152 1107 256 1161 locum
281 1116 349 1160 sunt
371 1104 550 1176 suscepturi.
582 1104 706 1162 Etiamsi
729 1105 854 1177 Spiritus
872 1105 997 1160 Sanctus
1019 1104 1118 1165 omnis
1141 1103 1207 1163 siue

152 1195 243 1251 uobis
255 1194 366 1265 possit,
382 1204 480 1254 tameo
497 1210 557 1251 uon
574 1194 669 1249 voluit
685 1209 741 1250 nos
758 1196 867 1251 trustra
883 1205 1009 1251 vocatos
1026 1194 1056 1252 iu
1071 1194 1208 1254 miuiste.

152 1285 242 1350 rium,
258 1295 290 1339 ut
302 1299 437 1339 essemus
448 1300 589 1354 organum
605 1284 706 1355 ipsius·
729 1282 819 1340 Piurs
831 1284 911 1340 siiss.
936 1283 1006 1339 Vale
1016 1285 1045 1343 iu
1059 1282 1208 1353 Domino,

153 1386 185 1435 et
202 1391 254 1432 ors
270 1391 325 1450 pto
341 1390 400 1434 tue.
435 1373 585 1430 sabbatho
602 1383 670 1448 post
684 1373 767 1435 Petri
784 1371 969 1444 cathedr-si„
986 1372 1166 1431 MDXLIV.

850 1480 892 1541 Τ.
907 1479 1058 1542 Martinus
1074 1479 1217 1542 Lutlter·'
1309 1490 1311 1497 '

185 1894 336 1969 suto.
856 1852 1170 1954 NumMcxcvm.

547 2047 595 2115 tte
618 2043 815 2126 trusisti.

153 2201 229 2254 uetes
242 2201 287 2255 ω
299 2203 375 2255 uste
388 2203 507 2256 tsssttsttc
519 2204 588 2254 stetis
600 2213 626 2257 tu
640 2205 683 2256 itt
704 2201 867 2256 &tumuisti
882 2211 908 2258 tu
921 2203 984 2257 stro
996 2198 1165 2259 scissemus
1177 2201 1205 2252 tu

519 2277 570 2329 im
582 2279 658 2343 susis
679 2275 839 2332 usitamus.

602 2415 743 2429 *1-

202 2519 255 2568 itui
273 2521 310 2566 tet
329 2524 383 2567 son
402 2518 599 2572 euiuiuidstt
618 2522 765 2574 &sumturus
788 2520 814 2566 tu
831 2518 898 2579 psus
919 2518 960 2571 urs
978 2517 1090 2576 &diist
1107 2518 1125 2564 1.
1143 2519 1204 2575 wit

150 2591 241 2644 uestitu
254 2594 295 2643 itu
308 2592 402 2642 victu
415 2592 480 2643 xxi.
493 2595 549 2641 1521.
574 2594 629 2642 ses
642 2592 752 2646 otiatus!
765 2590 862 2644 isdum
878 2589 918 2643 ud
931 2592 965 2638 itu
979 2591 1038 2638 cod.
1052 2589 1164 2640 seruet.
1176 2599 1204 2653 su

149 2667 273 2722 mersurus
287 2666 333 2716 uui
346 2666 374 2719 ts
386 2665 424 2733 tir
436 2668 483 2717 uus
495 2666 622 2721 urtstture
634 2667 733 2717 uestes.

150 2813 338 2872 Reverendo
355 2815 390 2868 in
408 2814 535 2874 Christo
554 2814 637 2870 Viro
646 2856 656 2883 ‚
673 2814 716 2869 D.
734 2812 889 2881 Nicolas,
910 2811 1072 2884 Episcopo
1089 2808 1204 2866 Eccle=

216 2903 284 2957 siae
301 2902 566 2979 Neundurqensis
583 2922 656 2960 uero
674 2911 703 2958 et
710 2902 904 2981 fidelissimo
912 2942 923 2977 ,
939 2919 997 2958 suo
1014 2901 1049 2961 in
1061 2900 1203 2956 Domine

216 2993 426 3065 suspiciendo,

151 3128 207 3222 G·
227 3182 256 3227 et
272 3173 308 3230 Ρ.
326 3173 354 3230 io
372 3174 517 3232 Domino.
552 3175 644 3249 Quod
659 3173 805 3245 placuisse
818 3172 870 3229 tibi
883 3170 1008 3240 scribis,
1025 3168 1203 3231 Reverendo

150 3263 180 3317 io
199 3263 334 3321 Domino
352 3264 522 3337 Episcope‚
546 3281 594 3322 tue
617 3283 678 3324 nou
696 3265 844 3337 prodiisse
862 3263 896 3318 ud
915 3274 944 3317 te
962 3261 990 3316 in
1009 3261 1063 3316 ists
1081 3259 1204 3315 saevitis

148 3354 272 3422 hiemis,
296 3364 463 3424 pergratum
486 3355 548 3410 fuit.
581 3354 621 3409 Et
643 3371 714 3409 sane
737 3353 907 3423 longissimo
927 3351 998 3407 mihi
1014 3349 1131 3404 videtur
1148 3349 1203 3403 ista

148 3444 248 3499 hiems
265 3461 333 3514 pree
346 3445 507 3511 omnibus,
524 3460 598 3516 quas
616 3444 644 3498 in
659 3445 716 3499 virs
733 3460 798 3505 ures
816 3451 954 3514 expertus
971 3440 1085 3494 iueriru.
1121 3437 1203 3516 Quid

150 3533 262 3600 cogitet
279 3533 386 3599 Deus,
414 3533 527 3602 ignoro.
561 3536 609 3588 An
634 3535 710 3587 forte
734 3533 866 3586 omnium
883 3540 1082 3584 creaturarum
1098 3539 1202 3584 natura

151 3637 181 3676 et
199 3622 332 3677 insolitus
350 3638 457 3677 cursus
475 3623 562 3677 nobis
580 3623 757 3694 prophetat,
774 3621 852 3677 diem
870 3619 952 3674 illurn
968 3618 1156 3674 redemtionis
1170 3618 1200 3673 iu

152 3711 267 3766 foribus
286 3715 373 3768 esse?
396 3715 559 3777 Accurram
576 3730 668 3779 vero,
686 3711 916 3783 quamprimum
928 3709 998 3764 Deo
1016 3709 1132 3763 volente
1150 3724 1204 3780 per

146 3813 265 3871 tempus
282 3812 397 3873 potero.
431 3801 509 3872 Num
527 3803 619 3856 otium
637 3801 710 3856 mihi
728 3800 813 3855 facile
831 3797 957 3872 parebo,
983 3798 1011 3852 in
1031 3797 1079 3855 teli
1096 3798 1202 3855 saitem

148 3891 324 3952 valetudine,
358 3891 454 3962 cupio
471 3894 550 3951 enim
567 3903 594 3947 te
612 3890 713 3951 videre
731 3899 761 3949 et
778 3888 890 3968 ulloqui
907 3887 994 3953 etiem
1013 3887 1098 3964 ipse,
1122 3902 1202 3945 sute-

148 3994 238 4053 quatu
258 3978 453 4039 obdormiam.
