2730 4724
617 332 706 402 tsts.
1013 404 1016 409 ,
1123 326 1199 411 607,

131 492 284 557 arantur
315 492 375 561 tias
392 497 422 553 tt
439 492 487 560 tat
503 496 572 553 ettae
589 493 750 560 testatas
767 491 1020 563 stastatuta
1037 491 1186 565 attactus

131 583 180 652 tas
203 582 290 653 talare
307 583 385 644 orat
409 582 526 656 struem
552 585 599 650 tat
616 596 681 644 aaa
705 582 767 655 altr
783 583 857 652 aldit
872 585 991 658 tagram
1010 585 1106 644 astare
1131 581 1186 652 fat·
1213 640 1215 645 ,

131 670 216 749 itote
241 672 350 743 wasser
374 673 443 741 suar
463 687 562 746 naam
586 673 718 742 antestat
742 673 776 734 aa
797 672 883 743 trist
898 673 925 743 ¹)
950 672 1081 748 tumtnttt
1105 673 1187 739 utera

131 762 157 834 ir
178 770 262 824 maus
277 762 359 837 tastu
375 763 470 832 aaut,
487 763 611 823 rantrlrt
626 760 680 829 tta

195 867 254 924 Est
271 880 369 924 autem
386 869 462 924 nuda
480 855 593 938 tabula,
619 871 648 924 in
666 886 724 942 qua
741 869 811 924 utha
829 869 957 925 'docetur
979 879 1026 926 aut
1043 869 1184 942 jubetur,¹

131 959 186 1017 ted
203 959 338 1014 modeste
360 959 546 1025 ostenditur,
569 959 641 1032 quid
663 960 692 1014 in
715 960 808 1015 veteri
831 960 896 1031 lege
921 961 957 1015 de
978 959 1026 1016 his
1049 963 1187 1018 traditum

131 1050 180 1106 th.
212 1046 292 1129 Nam
315 1049 401 1104 etiam
418 1048 510 1110 Mosi
528 1046 624 1104 mater
647 1058 766 1122 putatur
780 1050 881 1113 ,misse
904 1051 999 1106 amica
1024 1051 1116 1125 patris
1140 1053 1187 1108 sui

131 1142 257 1195 Amram
278 1137 368 1193 Exod
391 1140 434 1206 2.,
468 1138 539 1193 licet
568 1139 686 1194 fortiter
713 1139 792 1210 Lyra
821 1131 982 1214 repugnet,
1014 1158 1075 1196 non
1104 1141 1187 1221 quod
1272 1157 1276 1163 ’

131 1227 252 1286 licuerit
272 1237 360 1293 tunc,
383 1227 443 1283 hoc
466 1228 543 1300 Lyra
567 1246 629 1284 nou
654 1230 728 1300 agit,
753 1230 807 1286 sed
828 1229 910 1303 quod
929 1230 1113 1303 impossibile
1131 1231 1187 1286 luit

131 1318 247 1375 ratione
272 1318 383 1373 aetatis.
416 1317 495 1373 Nam
521 1318 558 1372 de
579 1317 715 1376 Thamar
736 1319 835 1375 verbis
857 1321 893 1375 ad
919 1320 1041 1375 fratrem
1065 1323 1185 1376 Amnon

131 1405 207 1469 nihil
223 1406 385 1461 curandum
403 1419 466 1474 est,
484 1405 557 1463 nihil
581 1408 668 1464 etiam
685 1409 819 1479 probant.
853 1409 902 1465 Sic
919 1420 949 1465 et
964 1409 1012 1466 M.
1025 1408 1185 1484 Philippum
1276 1454 1279 1460 ,

131 1495 225 1555 edidit
248 1495 354 1552 similia
377 1496 414 1550 de
438 1495 592 1565 gradibus,
616 1506 647 1552 et
665 1498 748 1569 ponit
764 1499 901 1571 exempla
920 1508 1035 1569 patrum
1054 1498 1138 1555 Isaac
1157 1511 1187 1555 et

131 1585 254 1656 Jacob,
277 1596 306 1641 et
323 1584 509 1642 Marchionis
525 1585 677 1642 Joachimi
696 1585 1010 1658 Brundenburgensis,
1034 1589 1085 1662 qui
1103 1590 1189 1644 duxit

131 1677 224 1734 liliam
240 1677 318 1747 regis
336 1676 497 1744 Poloniae,
524 1692 592 1730 cum
615 1686 699 1731 antea
718 1676 853 1731 habuerit
870 1678 1003 1748 ejusdem
1020 1678 1095 1734 filiae
1114 1696 1188 1735 con.

131 1767 302 1836 sobrinam,
326 1767 465 1822 videlicet
492 1765 578 1820 liliam
605 1764 851 1835 GeorgiiDucis
876 1767 1040 1835 saxoniae,
1068 1769 1096 1825 id
1123 1778 1186 1838 est,

131 1859 220 1915 duxit
243 1857 315 1912 duas
338 1867 443 1929 ueptes
467 1857 533 1926 ejus
557 1857 636 1925 regis
659 1856 820 1924 Polouiae,
847 1857 898 1928 qui
920 1858 972 1913 fuit
991 1873 1074 1930 pater
1097 1857 1188 1928 sigis.

131 1948 235 2006 muudi
254 1948 347 2002 istius.
382 1946 438 2002 Sed
457 1947 511 2000 ista
528 1946 665 2018 exempla
678 1964 742 2000 non
761 1947 870 2002 faciunt
886 1946 981 2015 legem
994 1950 1186 2019 populorum,

131 2053 191 2095 nec
207 2047 278 2092 sunt
294 2035 434 2090 trahenda
452 2036 481 2090 in
499 2035 744 2106 consequentiam
767 2044 797 2089 et
817 2034 956 2106 regulam.
991 2037 1099 2109 Neque
1124 2037 1187 2093 hoc

131 2130 209 2184 dicit
226 2128 275 2183 M.
292 2127 466 2198 Philippus,
484 2125 541 2204 'sed
566 2124 749 2180 observanda
767 2126 795 2180 in
813 2127 1049 2183 consolationem
1067 2129 1187 2185 confes.

131 2233 258 2283 sorum,
272 2231 323 2271 seu
337 2215 605 2281 conscientiarum,
620 2213 648 2268 in
662 2230 751 2286 quem
764 2231 850 2270 usum
864 2233 928 2270 mea
939 2233 1059 2288 quoque
1075 2216 1188 2275 scheda

132 2309 187 2365 ast
214 2306 322 2360 emissa
345 2315 449 2361 contra
468 2304 596 2377 Papam,
622 2306 673 2376 qui
698 2305 816 2361 vexatis
834 2306 1026 2362 conscientiis
1043 2306 1189 2362 vendebat
1263 2302 1266 2310 ’

131 2409 285 2472 quartum,
303 2395 431 2463 tertium,
448 2396 611 2450 secundum
623 2394 763 2464 gradum,
782 2404 810 2449 et
822 2405 853 2450 ut
865 2397 911 2452 ille
925 2397 1014 2464 dixit,
1033 2397 1095 2453 lixit
1107 2382 1196 2468 leges

132 2488 234 2562 pretio
252 2498 339 2557 atque
357 2486 462 2540 relixit.
495 2485 573 2540 Nam
592 2484 627 2538 ab
646 2485 727 2539 initio
745 2485 896 2540 doctrinae
913 2498 1033 2541 nostrae
1050 2497 1188 2544 constan.

132 2578 249 2636 tissime
275 2588 305 2629 et
331 2585 474 2647 perpetuo
498 2574 675 2641 docuimus,
701 2575 898 2629 ordinationes
921 2585 950 2638 et
975 2577 1056 2646 leges
1083 2578 1187 2633 civiles

133 2685 204 2722 esse
230 2665 405 2720 retinendas.
443 2663 689 2719 Confirmavimus
715 2665 792 2718 enim
819 2675 847 2718 et
872 2663 1097 2736 approbavimus
1118 2667 1188 2736 jura
1293 2716 1295 2720 ,

132 2757 230 2812 civilia
248 2768 277 2809 et
294 2753 422 2824 gladium
439 2752 658 2822 magistratuum
676 2767 743 2806 cum
765 2752 902 2807 omnibus
919 2753 981 2808 suis
1000 2754 1188 2810 ordinationi.

132 2847 211 2915 bus,
236 2844 400 2900 secundum
423 2843 492 2897 iilud
514 2842 605 2896 Rom.
623 2844 669 2896 ¹3:
700 2841 812 2896 Omnis
832 2842 942 2895 anima
963 2842 1187 2914 praesentibus

131 2933 343 3009 potestatibus
359 2930 486 2988 subdita
504 2933 560 2999 sit,
586 2941 615 2986 et
633 2930 743 2986 tPetr.
761 2935 790 2988 2:
811 2930 936 2986 Obedite
955 2933 1035 3007 reqi.
1068 2934 1187 2988 Deinde

132 3027 196 3081 hoc
215 3028 300 3080 etiam
318 3024 354 3077 ab
371 3022 453 3077 initio
472 3022 613 3087 fecimus,
641 3021 720 3091 quod
747 3021 950 3092 prohibuimus
969 3024 1066 3093 legem
1083 3024 1188 3097 Moysi

134 3118 164 3172 in
183 3115 352 3170 Ecclesiam
369 3112 491 3178 reduci,
509 3121 537 3165 et
551 3110 703 3165 statuimus
721 3123 838 3167 nostrae
851 3113 967 3184 politiae
980 3114 1093 3183 legibus
1106 3124 1190 3169 utcu.

135 3207 208 3260 dum
224 3221 301 3260 esse.
335 3203 402 3258 Nisi
427 3201 476 3255 ubi
501 3215 589 3255 casus
611 3201 796 3256 necessitatis
814 3218 869 3273 pro
896 3205 1099 3259 consolatione
1117 3221 1189 3259 con.
1259 3214 1263 3228 ·

135 3296 327 3351 scientiarum
345 3308 360 3346 e
377 3291 442 3359 lege
459 3289 563 3355 Mosi,
580 3306 640 3342 non
658 3300 689 3344 ut
707 3307 723 3343 e
740 3290 822 3359 lege,
841 3291 893 3345 sed
910 3301 942 3345 ut
960 3293 1131 3364 exemplum
1149 3310 1191 3360 ers

135 3384 278 3450 historia,
302 3390 402 3455 petere
420 3391 518 3449 cogat.
552 3378 614 3432 Cur
636 3378 690 3434 ista
707 3391 810 3435 nostra
830 3382 941 3452 scripta
957 3399 1017 3437 non
1040 3384 1188 3455 legerunt,
1295 3389 1298 3396 ’

136 3477 166 3529 ἱη
184 3473 292 3545 quibus
310 3471 396 3526 toties
415 3480 547 3523 nostram
562 3468 735 3522 sententiam
752 3469 988 3527 declaravimus?
1021 3471 1116 3540 Igitur
1127 3488 1191 3529 ser.

135 3574 245 3618 ventur
262 3561 341 3630 leges
360 3559 468 3629 patriae
486 3568 515 3611 et
532 3557 764 3625 magistratuum.
799 3556 889 3630 Quod
913 3559 939 3612 si
956 3574 1043 3615 casus
1062 3561 1167 3620 incidat
1178 3605 1187 3633 ,

135 3664 169 3708 ut
194 3662 299 3706 contra
323 3652 402 3719 leges
427 3660 562 3719 receptas
588 3647 755 3700 faciendum
781 3659 830 3701 aut
853 3647 1084 3721 consulendum,
1110 3637 1189 3710 nuuc

135 3753 255 3797 utamur
271 3739 334 3809 lege
352 3738 456 3807 Moysi
476 3749 508 3789 ut
525 3734 680 3805 exemplo,
698 3734 786 3806 idque
804 3735 921 3807 publica
938 3743 1111 3797 auctoritate
1127 3760 1188 3799 ma.

134 3834 285 3902 gistratus.
318 3829 347 3884 Si
372 3828 508 3898 publicus
533 3840 619 3880 casus
641 3825 696 3893 sit,
722 3824 774 3896 qui
797 3834 858 3895 tutu
883 3830 1023 3903 exemplo
1046 3831 1094 3887 tali
1119 3849 1188 3889 sese

182 4002 404 4056 ndktmm
