2730 4724
149 310 211 382 636
628 305 720 381 titt.

148 488 224 544 quae
249 469 370 527 suntin
397 487 501 526 eorum
525 469 663 526 historias
690 486 744 540 per
769 467 882 542 impios
905 466 1035 526 Diaboli
1058 468 1196 525 ministros

147 561 304 616 seminata:
322 569 436 628 tamen,
454 577 524 614 cum
535 573 656 615 ventum
670 569 716 615 est
727 558 761 613 ad
780 574 909 628 agonem
929 572 963 614 et
980 560 1198 623 contessionem,

146 644 300 717 uidemus,
318 666 406 720 quam
423 668 494 721 pure
508 663 537 705 et
550 662 722 705 constanter
733 648 820 703 iidem
832 663 921 703 suam
933 660 1099 706 testentur.
1131 647 1199 722 Quid

145 739 243 811 potuit
261 738 439 795 Ambrosius
456 739 547 808 tnagis
567 741 615 809 pie
638 749 666 792 et
689 739 794 794 lortius
816 738 941 807 dicere,
968 755 1044 793 cum
1068 740 1097 794 in
1121 753 1199 808 agone

145 843 203 885 suo
219 828 383 884 novissimo
401 841 506 884 contra
522 818 698 900 peccatum,
725 820 876 890 mortem,
904 829 984 884 iram
1001 830 1065 885 Dei
1083 838 1111 884 et
1126 830 1200 883 inltr.

144 933 218 974 num
235 917 313 971 hunc
331 935 438 972 vocem
457 918 707 972 confidentissime
720 918 806 972 edidit
817 917 852 973 ad
867 918 1106 973 circumstantes
1117 932 1200 973 succa

146 1007 246 1062 dotes:
282 1007 354 1062 Non
368 1008 417 1063 sic.
425 1009 504 1076 vixi,
524 1019 555 1061 ut
573 1024 620 1060 me
638 1008 744 1078 pudeat
756 1007 839 1061 inter
851 1024 911 1062 vos
923 1009 1051 1065 vivere:
1069 1024 1126 1065 uec
1135 1006 1199 1062 mori

145 1094 257 1162 timeo,
276 1097 344 1167 quia
362 1096 474 1150 bonurn
494 1097 657 1150 Dominum
674 1094 834 1172 habemus:
859 1112 952 1166 quum
971 1113 1089 1151 vocem
1106 1097 1135 1151 S.
1150 1097 1200 1149 Au.

146 1185 280 1254 guntinus
299 1187 326 1239 iu
344 1202 400 1240 suo
419 1202 651 1256 quoque1agone
668 1183 789 1239 mirifice
807 1187 1057 1256 commendavit,
1074 1198 1108 1241 ut
1124 1185 1199 1240 refert

146 1274 343 1332 Poseidonius
363 1276 391 1329 in
409 1276 473 1344 ejus
489 1275 619 1343 legenda.
655 1274 695 1328 Et
715 1276 777 1347 ipse
793 1291 918 1346 quoque
935 1277 1129 1346 Augustinus
1144 1289 1199 1331 scta

145 1363 206 1420 hac
224 1381 300 1418 voce
324 1364 368 1418 sui
392 1365 482 1434 ipsius
506 1364 655 1418 solabatur
680 1377 781 1420 contra
806 1365 1032 1423 conscientiam
1059 1368 1198 1439 (quaeest

144 1453 253 1510 mortis
271 1454 477 1509 saevissimum
496 1453 721 1519 ministerium:
741 1453 903 1507 'l'urbabor
913 1493 923 1521 ,
940 1455 1066 1526 inquit,
1083 1456 1136 1511 sed
1151 1470 1199 1513 nott

145 1528 358 1617 pet-turbabor,
384 1545 452 1615 quia
477 1539 636 1596 vulnerum
661 1542 783 1597 Domini
809 1542 1011 1599 recordabor.
1049 1544 1199 1621 Quicum

145 1631 245 1701 videt,
270 1633 474 1689 sanctissimos
497 1633 579 1686 viros
603 1629 708 1688 talibus
724 1631 825 1687 verbis
843 1632 947 1687 testari
964 1633 1063 1690 iidem
1081 1637 1110 1690 in
1126 1633 1198 1690 cart

147 1730 245 1787 stum,
261 1724 368 1776 nudam
386 1723 504 1795 quidem
521 1733 550 1775 et
566 1723 675 1791 solam,
693 1723 745 1775 sed
759 1720 871 1776 firmam
885 1732 916 1777 et
928 1723 1097 1782 victricem
1107 1725 1198 1780 mortis

147 1822 178 1869 ct
195 1815 329 1883 peccati?
363 1812 441 1869 Nam
465 1813 520 1867 etsi
545 1813 633 1867 vitam
655 1822 683 1866 et
700 1828 789 1882 opera
807 1828 858 1865 sua
870 1812 1019 1881 judicent
1036 1832 1139 1871 coram
1153 1814 1197 1870 ho'-

145 1903 275 1960 minibus
294 1903 561 1976 irreprehensibilia
581 1919 647 1957 esse
666 1902 758 1967 (sicut
775 1903 860 1956 decet
877 1912 908 1956 et
926 1908 1089 1975 oportet),
1114 1918 1198 1961 nmen

143 2007 246 2048 coram
263 1991 333 2049 Deo
351 1993 480 2047 nituntur
496 1992 559 2046 sola
577 1991 778 2045 misericordia
796 2002 825 2046 et
841 1991 975 2047 bonitate
1003 1996 1093 2064 ejus,
1116 1992 1196 2051 nuru

143 2081 275 2148 meritis,
294 2092 321 2135 et
339 2083 367 2136 in
384 2080 557 2135 vulneribus
574 2081 701 2148 l'hristi,
720 2081 798 2136 sicut
815 2081 955 2136 columba
973 2081 1027 2139 illu
1045 2086 1076 2141 in
1093 2082 1197 2140 ibrami-

143 2170 231 2227 tribus
249 2183 346 2243 petrae
364 2172 462 2243 (petra
475 2180 574 2225 autem
587 2182 632 2225 est
644 2170 806 2249 Christus),
824 2171 927 2227 volunt
939 2173 1083 2230 inveniri.
1115 2175 1196 2231 Reda

144 2259 243 2330 itaque
261 2269 290 2313 et
308 2261 418 2314 utiliter
435 2262 578 2328 facimus,
597 2261 620 2315 si
639 2262 816 2320 Sanctorum
833 2261 910 2316 dicta
930 2274 961 2316 et
978 2263 1060 2319 facta
1078 2263 1196 2336 primun

142 2365 160 2402 a
176 2349 337 2404 mendaciis
356 2348 456 2402 alienis
475 2367 653 2421 purgemus,
679 2350 784 2405 deinde
809 2349 935 2404 verbum
960 2364 1050 2407 recte
1070 2362 1195 2409 secantes

143 2438 302 2511 prudenter
327 2440 362 2492 nd
391 2438 519 2507 regulam
547 2457 600 2494 seu
627 2441 788 2510 analogiam
813 2439 878 2495 fidei
906 2440 1102 2512 probemus,
1126 2444 1196 2498 sicut

143 2529 233 2585 docet
250 2529 431 2601 Apostolus:
461 2530 577 2585 Omnia
591 2528 742 2605 probate,
767 2530 854 2604 quod
868 2527 986 2584 bonum
1005 2541 1071 2603 est,
1097 2539 1195 2588 tenete.

143 2615 213 2694 Qua
230 2617 427 2674 admonitione
446 2608 515 2688 quid
533 2635 608 2690 opus
626 2620 696 2683 fuit,
721 2620 745 2674 si
768 2620 944 2674 Sanctorum
969 2619 1051 2676 dicta
1076 2634 1106 2677 et
1130 2623 1196 2680 facta

142 2706 241 2762 omnia
264 2708 327 2762 sine
348 2707 463 2777 judicio
488 2724 542 2778 pro
569 2707 697 2763 articulis
724 2707 789 2762 lidei
814 2718 913 2763 essent
933 2707 1101 2768 habenda?
1132 2711 1196 2767 Nou

141 2796 196 2852 suit
214 2815 319 2853 eorum
336 2798 454 2852 vocatio
472 2797 600 2871 aequalis
618 2796 886 2870 Apostolorumet
901 2797 1132 2872 Prophetarum
1148 2817 1196 2854 vu.

141 2887 261 2943 cationi.
306 2887 403 2941 Sancti
434 2887 569 2954 fuerunt,
598 2887 650 2942 sed
679 2888 837 2954 homines,
859 2898 896 2942 et
921 2905 1059 2960 quorum
1085 2891 1194 2964 spiritus

87 2974 89 2978 ’
140 2989 278 3051 promtus
297 2976 459 3048 patiebatur
477 2993 595 3030 carnem
614 2995 673 3031 non
691 2977 781 3031 modo
801 2976 961 3047 infirmum,
979 2980 1035 3034 sed
1055 2992 1084 3035 et
1099 2996 1194 3051 repug.

140 3079 273 3122 nantem.
306 3066 364 3121 Ubi
389 3083 460 3134 ergo
483 3066 587 3138 spiritu
605 3067 772 3121 dominante
789 3066 954 3136 loquuntur
971 3078 1001 3121 et
1020 3082 1191 3140 operantur,

139 3168 208 3211 sunt
221 3172 324 3210 eorum
339 3154 429 3208 verba
442 3165 471 3208 et
484 3172 575 3226 opera
593 3155 756 3224 colligenda
770 3172 824 3209 ceu
838 3156 1000 3225 fragmenta
1015 3160 1190 3228 evangelica,

138 3255 173 3300 ut
190 3262 265 3316 quae
284 3244 434 3300 Dominus
457 3241 595 3298 Christus
620 3245 648 3298 in
674 3246 717 3299 eis
744 3254 882 3316 operatus
907 3246 962 3313 sit,
990 3257 1021 3301 et
1048 3265 1119 3302 vere
1143 3249 1192 3302 sint

114 3357 115 3360 ¹
138 3334 248 3389 Christi
268 3333 358 3407 ipsius
377 3349 483 3403 opera:
512 3332 562 3386 ubi
587 3349 660 3388 vero
685 3351 772 3389 carne
798 3336 968 3390 adversante
986 3335 1151 3408 loquuntur
1166 3342 1190 3387 et

139 3435 315 3496 operantur,
343 3423 495 3477 damnandi
520 3438 589 3476 sane
617 3441 676 3478 non
695 3435 782 3490 sunt,
807 3425 859 3478 sed
878 3427 1043 3480 excusandi
1064 3428 1111 3481 vel
1128 3427 1190 3480 tole·

137 3513 219 3569 randi
233 3530 286 3584 pro
298 3524 398 3567 nostra
411 3512 575 3566 certissima
590 3515 816 3579 consolatione,
834 3515 900 3583 qnia
918 3515 1058 3570 videmus
1075 3518 1187 3571 Sanctus

136 3601 197 3657 Dei
225 3602 309 3656 nobis
337 3602 457 3655 infirmis
483 3602 596 3656 similes
622 3603 729 3670 fuisse,
757 3612 784 3656 et
800 3620 883 3658 snam
901 3620 1147 3677 unumquemque
1162 3605 1187 3658 iu

138 3705 227 3746 carue
247 3694 298 3746 isra
316 3693 429 3763 peccati
448 3692 666 3747 circumtulisse
686 3693 892 3752 infirmitatem.
927 3693 990 3749 Hac
1007 3711 1101 3751 causa
1117 3693 1186 3750 volui

135 3790 220 3838 tuum
239 3782 362 3848 librum,
389 3784 427 3835 ini
446 3774 616 3852 Spalatine,
637 3785 786 3852 invulgari.
824 3784 881 3838 Sed
900 3794 931 3837 tu
949 3784 1096 3855 deinceps
1114 3786 1186 3840 tibir

135 3871 271 3927 laudibus
296 3872 370 3924 meis
394 3885 451 3925 tam
474 3875 632 3944 grandibus
658 3877 822 3939 (dicerem,
846 3874 901 3928 nisi
926 3883 1008 3928 esset
1029 3877 1104 3930 mihi
1128 3889 1186 3930 tuus

111 3962 248 4018 eanuur
271 3971 375 4029 notus,
403 3963 497 4032 falsis)
524 3965 713 4036 temperabis.
757 3964 845 4033 Scio,
870 3979 920 4021 me
943 3979 1011 4022 erse
1036 3965 1124 4027 nihil.
1148 3964 1186 4020 ·1u
