2730 4724
139 315 202 390 nst
612 312 710 387 ‚ttls

187 476 239 526 itui
252 477 302 525 itu
313 475 423 532 crisim
435 477 476 528 itu
489 474 602 533 &dist
616 474 633 522 l·
643 469 692 525 uta
706 473 762 526 itit
776 472 923 531 dimitiis·
934 471 1026 525 mtto
1043 472 1086 524 itu
1102 468 1180 523 ntis

137 549 202 598 xxi.
215 553 272 597 ¹50⁶.
297 550 351 600 mus
369 550 480 602 micina!
498 547 596 601 betium
614 547 654 601 itit
671 548 705 594 im
724 547 784 594 cod.
797 545 908 596 deidei.
925 556 954 601 stt
965 546 1092 599 mmm,
1110 545 1182 599 tulii

136 623 486 677 strennuissimus.
1102 661 1106 670 .

136 755 325 812 Reverendo
353 755 387 810 in
412 754 540 811 Christo
568 760 598 810 et
624 726 696 809 uere
719 747 883 826 Episcopo
909 768 1009 808 cerae
1035 750 1184 808 Ecclesiae

200 841 477 917 Numburqensis,
499 844 544 900 D.
562 842 701 900 Nicuiuo
724 839 961 914 ud'Amtdovs,
987 841 1185 914 quurisvc

200 934 412 1006 suspiciendo.

137 1067 193 1160 G·
211 1123 241 1168 et
253 1113 293 1170 Ρ.
312 1113 339 1168 tn
357 1113 502 1170 nomino.
534 1112 620 1170 mm
631 1110 730 1169 smus
747 1111 843 1168 surm
854 1111 904 1168 vet
915 1111 995 1182 tegi,
1016 1111 1091 1184 quis
1102 1118 1186 1167 ns·

138 1203 179 1258 sit
205 1212 306 1258 tecum
330 1203 359 1258 in
383 1197 438 1258 ista
456 1205 569 1259 famosa
585 1203 749 1259 visitatione
767 1191 935 1275 Principis,
949 1201 1141 1271 ⁸Reverendo
1160 1200 1185 1255 ie

119 1279 260 1348 'cbristo
276 1290 339 1346 Vir.
375 1294 421 1347 An
448 1293 484 1348 sit
501 1293 626 1348 visitetis
651 1292 842 1348 eeclesiarum
866 1290 1001 1346 instituta
1025 1292 1076 1346 vel
1101 1289 1186 1347 finita?

128 1369 186 1437 'An
204 1381 423 1437 Consistorium
441 1382 656 1438 constitutum?
687 1381 732 1436 An
751 1380 883 1437 Creizius
899 1388 969 1435 tuus
989 1380 1032 1436 sit
1044 1378 1184 1454 depositus

121 1466 185 1531 ¹vel
203 1471 230 1526 in
248 1485 305 1525 suo
323 1471 420 1526 studio
436 1469 463 1535 ¹)
481 1467 693 1528 confirmatus?
725 1469 792 1528 Nisi
807 1469 888 1543 quod
906 1469 1061 1527 Nicolsus
1079 1468 1187 1546 Medlst

136 1557 258 1630 scripsit
281 1574 349 1614 sese
377 1564 447 1615 esse
471 1559 591 1631 quidem
616 1560 765 1629 auditum,
795 1570 825 1614 et
850 1557 1023 1629 magnificas
1048 1561 1078 1616 ei
1108 1545 1186 1614 nutu

137 1649 363 1722 promissiones.
405 1651 482 1705 Cum
504 1650 547 1709 D·
571 1650 674 1707 Bruct
698 1649 830 1706 nondum
855 1649 977 1704 locutus
1005 1665 1089 1705 sum.
1129 1647 1188 1709 Nes

138 1741 265 1795 multum
292 1740 382 1812 cupio
409 1756 448 1794 ex
474 1740 540 1813 ipso
566 1741 748 1796 resciscere:
774 1756 814 1816 ex
837 1752 866 1794 te
886 1739 990 1816 cupio.
1027 1736 1186 1807 Mirsmrlti

78 1890 87 1902 ³
139 1820 280 1884 videntur
302 1846 392 1897 esse,
413 1846 488 1902 quae
512 1830 642 1885 mundus
663 1830 755 1885 hodie
779 1829 845 1899 egit.
882 1829 938 1884 Vel
962 1847 1022 1900 ego
1048 1845 1187 1903 nunquam

141 1921 201 1975 vidi
226 1920 386 1996 mundum,
415 1921 461 1974 vel
486 1935 583 1976 novus
607 1921 751 1989 mundus,
775 1936 825 1975 me
853 1919 1042 1990 dormiente,
1070 1919 1188 1994 quotidie

137 2009 281 2064 nescitur.
314 2009 421 2064 Omnis
446 2008 541 2064 honio
567 2008 701 2082 queritur
724 2024 756 2064 se
781 2000 840 2080 pati
865 2009 1024 2079 injurium,
1049 2020 1080 2065 et
1102 2022 1187 2066 tumen

139 2111 187 2155 est
210 2089 316 2164 nemo,
341 2099 390 2170 qui
417 2100 514 2155 faciat.
548 2100 663 2156 Omnes
688 2111 759 2156 sunt
777 2099 869 2171 justi,
897 2099 923 2155 si
948 2101 1141 2158 admittantur
1159 2098 1187 2154 sd

115 2255 117 2267 Ι
140 2188 382 2261 responsionem.
416 2188 494 2242 Vere
511 2205 591 2244 nunc
613 2197 660 2244 est
678 2198 813 2262 tempus,
838 2188 888 2244 ubi
906 2189 1025 2260 justitie
1049 2205 1114 2246 orte
1135 2199 1186 2256 est,

140 2288 172 2333 et
189 2278 284 2333 oritur
293 2279 436 2349 copiosez
453 2287 591 2333 ettamen
602 2279 681 2334 nulls
699 2289 745 2335 est
756 2295 813 2353 pert
821 2312 833 2347 ,
851 2278 904 2334 sed
921 2279 1057 2336 turbatio
1069 2282 1188 2354 copiost.

140 2369 269 2425 fortasse
287 2384 366 2422 nunc
384 2367 556 2437 discemus,
583 2380 719 2439 tempore
736 2369 806 2425 Noe
823 2369 868 2437 sio
886 2362 999 2424 dictum
1027 2387 1110 2428 esse:
1133 2372 1189 2428 Rs

137 2457 228 2532 pieta
245 2465 291 2513 est
307 2465 399 2512 terra
416 2457 602 2533 iniquitate,
626 2458 655 2514 id
673 2468 735 2527 est,
749 2459 862 2530 justitie
880 2469 910 2515 et
925 2460 1065 2518 veritate.
1098 2461 1188 2519 Nemo

140 2558 189 2604 est
206 2549 353 2619 injustus,
379 2564 469 2604 nemo
487 2549 642 2618 mentitur,
666 2564 755 2605 nemo
773 2560 891 2620 peccat,
915 2551 973 2605 soli
991 2552 1140 2622 patientes
1155 2553 1189 2606 in.

136 2625 248 2712 jurium
260 2649 329 2693 sunt
341 2637 453 2707 injusti,
470 2638 640 2703 menduces,
657 2649 844 2710 peccatores.
876 2636 918 2701 &i
929 2637 989 2699 ull
1001 2630 1093 2702 {luti
1105 2653 1189 2714 τηεν

83 2791 88 2800 ,
142 2728 207 2785 dies
225 2729 271 2783 ilie
289 2728 480 2793 redemtionis
498 2738 584 2798 urget
601 2726 760 2784 adventum
777 2745 883 2796 suurn,
901 2731 1009 2785 Arnen.

206 2835 341 2890 Meditor
352 2832 449 2888 sdbnc
461 2849 580 2905 semper
592 2833 627 2914 sd
641 2844 669 2889 te
682 2835 914 2906 prosectionem:
931 2836 986 2891 sed
999 2835 1191 2894 valetudinem

141 2925 247 2999 capitis
264 2924 382 2994 mallem
401 2923 483 2994 prius
501 2922 659 2979 firmiorem
679 2923 752 2979 lieri.

208 3029 259 3086 De
269 3029 452 3085 novitatibus
471 3045 523 3084 seu
537 3029 711 3084 vanitatibus
723 3028 792 3084 nibil
805 3027 920 3095 habeo,
938 3030 1022 3102 quod
1042 3042 1074 3088 te
1086 3031 1190 3089 nescire

143 3120 278 3177 arbitrer.
312 3120 468 3175 Caesarem
493 3119 595 3175 vivere
621 3119 759 3192 pervim
780 3119 852 3174 mihi
877 3120 1061 3191 persuadere
1086 3125 1191 3180 volunt.

143 3211 183 3267 Et
199 3227 270 3265 ssne
287 3209 405 3263 mallem
422 3223 490 3262 emn
508 3207 609 3262 vivere
627 3208 725 3280 potius
743 3224 830 3280 quem
847 3220 1000 3264 mortuum
1018 3227 1103 3267 esse.
1135 3211 1192 3268 Fer.

142 3300 285 3360 dinsndus
303 3298 396 3354 indies
415 3298 447 3353 lit
463 3298 591 3353 satanior
608 3310 637 3353 et
654 3297 815 3367 lorentior,
841 3309 873 3354 ut
891 3298 1040 3356 acceleret
1061 3303 1120 3359 sibi
1136 3318 1192 3375 per.

144 3391 303 3459 ditionem,
325 3391 434 3444 Amen.
467 3387 613 3460 Princeps
637 3388 779 3455 noster²)
803 3387 967 3444 dulircensi
991 3390 1191 3448 liciturum

142 3479 306 3536 hominum·
326 3488 386 3533 tres
404 3490 523 3533 menses
540 3476 687 3549 stipendio
705 3493 760 3532 suo
783 3477 891 3532 eluisse
901 3517 911 3545 ,
935 3488 964 3533 et
979 3495 1064 3536 nunc
1084 3482 1190 3538 demum

141 3585 178 3625 re
203 3568 312 3622 infectu
336 3566 487 3633 desinere,
521 3575 602 3621 certe
627 3564 697 3620 satis
723 3565 805 3620 tarde
829 3576 898 3638 post
926 3579 1102 3625 evacuatam
1124 3570 1189 3624 bene

144 3672 327 3712 crumenam.
363 3655 539 3728 iusipienter
550 3665 579 3711 et
592 3655 749 3711 infeliciter
760 3655 896 3711 dicuntur
909 3644 1016 3726 gerere
1028 3658 1187 3714 dullacense

143 3745 267 3830 bellurn.v
299 3745 451 3800 Dominus
470 3745 535 3818 ipse
547 3744 757 3802 saciatbonum
775 3756 925 3802 eventum.
960 3748 1020 3805 Sed
1032 3748 1186 3812 collidatur,

195 3997 216 4046 t)
228 3990 289 4045 &tb-
302 3989 396 4040 sudo:
437 3992 533 4045 Ded.
546 3997 560 4048 s
575 3994 599 4040 iu
613 4006 653 4050 re,
666 3995 717 4043 tuas
730 3997 877 4053 situnensis
892 3996 986 4051 tuetur.
