2616 4710
606 367 697 442 1542.
1076 474 1080 481 Ι
1115 367 1177 438 455

124 525 210 601 perio
232 524 422 599 dejiciantur,
449 543 511 600 quo
532 527 678 586 haetenus
694 527 852 602 Principes
874 536 904 587 et
918 528 1088 604 Episcopos
1106 529 1178 586 sub.

118 617 223 688 jectos
241 630 271 673 et
287 634 394 674 servos
409 617 587 674 habuerunt.
621 619 714 691 Saepe
726 620 870 675 recordor
882 620 923 675 tui
939 621 1093 691 cujusdem
1106 620 1176 676 dicti

122 708 162 760 de
187 708 354 763 adulterinis
377 707 588 780 Principibus,
614 720 643 764 et
666 709 778 780 impleri
802 710 939 781 coepisse
964 709 1082 765 videtur
1105 710 1180 787 iilud

123 798 192 869 Sap.
202 801 228 851 3.
242 809 272 852 et
282 794 316 851 d:
343 796 425 853 Filii
437 797 660 853 adulterorum
677 797 711 852 in
730 797 1001 854 consummatione
1016 806 1125 868 erunt,
1145 806 1176 854 et

122 884 165 940 ab
176 887 285 961 inique
297 885 392 954 ttmro
403 884 507 942 seneen
519 884 796 957 exterminabitur,
810 894 840 942 et
847 887 1069 961 plantationes
1080 890 1176 944 adul«
1216 920 1222 929 ·

122 976 247 1031 terinae
262 993 327 1033 non
340 975 461 1032 dabunt
470 978 598 1044 radices
610 978 713 1048 altas,
731 995 787 1034 nee
805 971 918 1036 stabile
925 980 1175 1050 firmamentum

122 1066 281 1123 locabant.
313 1068 400 1123 Deus
418 1069 553 1123 exaudiat
573 1069 736 1138 justitiam,
762 1075 868 1124 Amen.
901 1069 957 1125 Me
981 1070 1176 1128 vehementer

123 1157 185 1211 urit
205 1158 379 1226 ingratitudo
401 1158 447 1212 ills
470 1158 563 1224 (Deo
580 1157 657 1212 haud
673 1159 764 1213 dssbie
781 1158 895 1220 invise)
920 1160 1001 1230 quoti
1018 1159 1118 1216 Moris
1136 1180 1174 1217 ne

121 1255 209 1301 nnus
226 1247 344 1318 quidem
363 1256 412 1301 sut
428 1246 536 1319 aliquid
553 1248 656 1303 fectus·
670 1256 765 1316 esset,
789 1248 844 1304 nisi
861 1247 937 1306 Dux
952 1248 1121 1305 Fridericus
1146 1255 1175 1307 et

121 1334 278 1392 Johsnnes
303 1347 415 1409 patrem
440 1337 505 1409 ejus
528 1350 629 1392 contra
654 1338 776 1393 Ducem
802 1336 968 1409 Georgium
991 1351 1173 1398 servassent.

106 1484 107 1487 ,
123 1427 181 1480 Sed
199 1427 351 1497 perditioni
368 1427 531 1482 destinatos
549 1426 593 1482 sic
611 1439 730 1498 oportet
746 1426 854 1498 perire.

189 1547 382 1604 Csrlstsdium
400 1549 544 1604 interiisse
563 1549 660 1617 nosti,
678 1564 767 1620 quern
782 1547 960 1604 Busilienses
971 1547 1173 1606 Ecclesiastse

124 1635 259 1694 scribunt
271 1639 364 1695 tuisse
376 1652 490 1708 pestem
503 1654 574 1693 suse
585 1638 706 1693 scholae
719 1638 996 1694 venenosissimum.
1028 1639 1173 1696 Mortuus

124 1737 173 1782 est
183 1728 449 1789 sutemoccidente
460 1728 600 1784 Diabolo.
628 1728 765 1782 scribunt
779 1730 868 1793 enim,
881 1729 1049 1801 apparuisse
1062 1731 1089 1785 ei
1101 1746 1175 1785 con.

124 1814 253 1872 cionsnti
271 1829 301 1872 et
317 1818 379 1873 aliis
397 1818 494 1872 multis
511 1818 608 1872 virum
624 1819 741 1886 grandis
758 1827 902 1887 staturae,
920 1818 1086 1889 ingressum
1098 1830 1173 1874 tem.

119 1907 203 1979 pium
222 1907 297 1962 etin
314 1924 405 1961 vacus
421 1907 492 1962 sede
510 1907 598 1976 juxte
623 1907 722 1965 civem
745 1909 892 1978 quendem
908 1909 1044 1977 stetisse,
1070 1920 1173 1964 rursus
1282 1933 1285 1939 ·

122 2012 295 2065 egressum,
319 2008 348 2051 et
365 1997 393 2051 in
412 1998 499 2052 sedes
517 1997 670 2070 Csrlstsdii
687 1996 828 2056 intrueret
853 1999 892 2053 ibi
909 1998 998 2054 filium
1015 2000 1113 2056 solum
1131 2000 1174 2054 im

123 2097 245 2141 ventum
259 2086 394 2142 manibus
408 2087 554 2164 ley'ssset‚
572 2087 655 2158 qussi
669 2088 705 2143 sd
716 2098 824 2144 terrem
835 2088 1011 2158 coliisurus,
1028 2091 1081 2144 sed
1094 2087 1174 2144 silce-

123 2191 192 2233 sum
208 2177 372 2244 dimisisse,
384 2177 591 2249 jussisseque,
608 2189 641 2232 ut
657 2178 731 2250 petri
748 2178 880 2248 diceret,
896 2194 965 2234 sese
981 2193 1173 2234 reversurum

123 2282 191 2321 esse
208 2276 279 2336 post
295 2267 421 2322 triduum
440 2278 469 2322 et
486 2268 582 2339 ipsum
600 2268 775 2324 sblstururn.
807 2267 850 2323 Its
870 2278 940 2339 post
955 2267 1084 2324 triduum
1103 2283 1172 2324 esse

122 2355 305 2413 defunctum.
339 2357 459 2412 Addunt
476 2358 571 2428 ipsum
591 2356 666 2412 finito
683 2358 832 2413 concione
849 2357 946 2412 civem
967 2358 1047 2413 ilium
1066 2356 1172 2413 sditsse

121 2455 153 2500 et
164 2445 377 2516 interrogasse,
395 2447 521 2519 quis-iiie
533 2448 579 2502 vir
589 2448 696 2503 tuerit?
729 2447 811 2503 Civis
823 2457 921 2501 sutem
932 2463 967 2502 se
977 2445 1051 2501 nihii
1060 2447 1172 2503 vidisse
1231 2435 1233 2439 ’

121 2535 204 2591 dixit.
239 2534 283 2590 Its
301 2537 393 2590 credo
410 2537 515 2591 subitis
527 2538 690 2593 terroribus
702 2546 895 2609 correptum,
912 2536 989 2591 nulls
1007 2537 1060 2591 slis
1073 2546 1170 2608 peste,
1260 2579 1265 2584 »

121 2640 210 2695 quam
222 2625 328 2680 timore
341 2626 455 2694 mortis,
473 2627 663 2683 exstinctum.
689 2626 805 2682 Misere
818 2626 895 2681 enim
904 2635 1033 2682 mortem
1043 2623 1171 2682 horrere

123 2713 249 2782 solebat.
266 2713 296 2778 ⁴)

186 2833 242 2888 Hic
267 2835 417 2904 Georgius
441 2836 528 2908 petit,
558 2836 608 2893 ubi
632 2836 850 2893 Consistcrium
876 2843 1009 2890 restrum
1035 2843 1172 2890 erectum

122 2922 229 2990 suerit,
255 2934 288 2978 ut
305 2925 435 2979 noterius
454 2941 522 2980 esse
540 2927 646 2998 possit,
672 2926 760 2997 idque
778 2926 891 2993 oravit,
917 2933 951 2978 nt
967 2931 1100 2997 peterem
1117 2920 1171 2979 sbs'

121 3024 161 3066 te.
194 3013 242 3066 Tu
261 3012 460 3084 iacies,quse
477 3015 561 3084 digus
579 3026 647 3071 sunt
664 3015 736 3070 iieri.
769 3011 843 3082 Est,
867 3013 1052 3081 ursidetur,
1075 3012 1170 3069 hono
1226 3019 1228 3023 ‘

120 3101 157 3154 sd
183 3100 281 3156 omnis
307 3101 442 3158 idoneus.
477 3103 558 3159 Bene
584 3106 613 3160 in
639 3105 772 3160 Domino
795 3105 876 3159 vale.-
903 3102 1064 3158 Etiiterss
1086 3109 1169 3158 mers

120 3207 232 3262 quaeso
251 3207 418 3262 concerpe,
445 3193 512 3264 quis
529 3204 561 3248 tu
578 3211 638 3249 non
656 3197 716 3250 fers
742 3211 758 3247 s
775 3209 823 3248 ure
840 3191 893 3249 tibi
910 3192 1011 3248 titulos
1024 3191 1168 3264 Episcopi

120 3291 150 3334 et
166 3280 314 3350 Principis
332 3281 475 3339 adscribi:
488 3284 592 3342 ‚nolim
608 3295 705 3339 tsmcn
723 3283 786 3338 sliis
803 3283 832 3337 id
849 3282 1056 3345 innotescere,
1071 3297 1111 3336 ne
1127 3282 1171 3334 vi.

119 3371 190 3424 decr
213 3370 411 3427 contemsisse
429 3371 627 3444 Episcopatus
659 3375 700 3429 tui
720 3375 753 3442 ¹)·
768 3371 960 3445 mejeststens.
994 3368 1169 3439 Intelligenti

122 3476 224 3530 pauci.
257 3459 645 3529 Parasceves,MD)iL11.

605 3584 612 3595 ‘
785 3574 826 3632 Τ.
843 3573 1135 3632 Mertinue'Luther.
1245 3650 1247 3654 λ

168 3823 189 3871 i)
202 3823 283 3870 seru.
295 3822 320 3874 ti.
333 3785 377 3870 sui.

169 4045 193 4092 ⁹>
207 4040 314 4096 metune
327 4038 648 4096 sensimsensrm:
757 4066 761 4072 -
856 4076 858 4080 Α
