2730 4724
153 351 216 422 tlt
635 349 743 463 lilla

152 511 258 570 videns
274 510 346 569 iram
368 512 445 583 Dei,
471 512 532 569 imo
551 520 630 569 tanta
647 512 788 570 demerita
803 521 1008 587 peccatorum
1026 507 1209 582 nostrorum,

150 616 227 672 quae
243 610 406 672 coegentnt
422 602 525 658 Deum
541 602 577 657 ad
594 602 752 659 mittendas
770 614 877 658 eontra
897 620 958 659 nos
975 614 1038 659 tam
1055 600 1209 658 horribiles

148 689 239 747 furias
256 691 440 747 Tuscarum.
472 691 543 764 lpse
567 692 634 761 det,
660 701 694 748 ut
716 692 948 765 resipiscamus,
977 704 1012 748 et
1033 705 1097 749 acta
1117 689 1210 764 poeni·

149 781 240 836 tentia
260 781 411 853 placemus
434 781 513 837 lianc
533 782 637 851 iram,‹
650 791 699 837 aut
720 781 746 839 ai
771 781 895 839 omuino
918 783 1086 839 decretum
1109 793 1157 838 est
1175 781 1214 836 ita

147 867 231 937 fieri,
256 871 362 940 iaciat,
386 881 420 927 ut
435 873 473 928 sit
489 870 516 940 ¹)
540 872 616 928 haec
637 872 799 929 novissima
822 874 863 926 ira
885 885 916 927 et
933 888 1032 929 unum
1049 873 1089 928 ‹le
1106 871 1209 942 maga'a

150 958 243 1029 signia
259 971 326 1015 ante
343 961 421 1016 diem
441 961 552 1031 gloriae
574 976 645 1017 suae
668 971 699 1018 et
720 960 823 1017 salutis
849 974 993 1032 nostrae,
1019 965 1102 1019 sicut
1126 961 1208 1018 nixa:

148 1046 310 1123 ›Et-siquo
325 1067 396 1104 mec
413 1056 524 1120 erunt,
541 1048 589 1105 liat
598 1087 608 1119 ,
625 1052 735 1106 Amen.

215 1145 373 1202 Caeterum
391 1146 471 1219 quod
488 1146 524 1202 de
536 1146 665 1203 Matthia
678 1147 785 1221 Devay
797 1145 827 1212 ⁸)
844 1145 998 1218 scribitis,
1017 1149 1208 1204 veliementer

147 1244 216 1293 eum
233 1236 407 1302 admiratus,
434 1253 504 1292 cum
527 1247 558 1291 et
582 1236 658 1309 apud
681 1253 738 1292 nos
763 1237 802 1294 ait
819 1239 883 1311 ipse
901 1237 980 1294 adeo
999 1239 1073 1295 boni
1093 1239 1208 1304 odoris¹

146 1336 182 1382 ut
197 1325 270 1382 mihi
288 1327 344 1399 ipsi
361 1326 399 1383 ait
415 1327 531 1384 difficile
550 1327 638 1384 vobis
655 1327 779 1385 credere
795 1329 1013 1385 scribentibus.
1046 1331 1110 1386 Sed
1131 1340 1161 1385 ot
1178 1338 1206 1383 nt

146 1417 205 1486 eit,
232 1427 314 1473 certe
343 1434 360 1472 a
386 1418 474 1476 nobis
494 1434 563 1483 ‚uon
590 1418 681 1474 habet
706 1419 1007 1485 sacramentariorum
1033 1421 1208 1478 doctrinm.

145 1504 216 1566 Noa
233 1506 284 1563 hic
300 1517 470 1565 constanter
487 1517 591 1563 contra
609 1524 675 1564 eam
692 1524 854 1580 pugnamus
872 1508 996 1580 publice
1012 1522 1043 1566 et
1058 1511 1205 1582 privetim,

146 1613 205 1655 aec
221 1599 280 1652 ulla
296 1597 429 1671 euspicio
446 1609 497 1654 aut
512 1597 608 1654 tenuis
625 1598 703 1654 odor
718 1611 766 1654 est
782 1599 858 1672 apud
875 1615 931 1657 nos
949 1600 989 1656 ale
1013 1602 1073 1657 ista
1099 1601 1206 1658 abomi-

146 1687 289 1757 natione,
320 1688 376 1744 nisi
405 1686 554 1745 Diabolus
583 1688 613 1743 in
641 1688 761 1746 occulto
791 1689 888 1761 sliquo
917 1690 1029 1759 angulo
1060 1701 1205 1747 susurret

146 1779 237 1839 Forte
254 1779 359 1846 11οοῖ)
376 1789 496 1847 movet,
513 1779 596 1852 quod
613 1779 809 1836 elevationem
826 1780 942 1837 hostiae
960 1782 1163 1856 deposuimus
1179 1783 1206 1840 in

146 1870 269 1942 gratiam
285 1867 453 1943 aliquorum
468 1870 653 1938 vicinorum,
679 1887 741 1926 non
755 1870 793 1949 ‘in
815 1872 1050 1942 necessitatem,
1079 1875 1152 1946 quia
1173 1872 1205 1928 ab

145 1960 231 2018 initio
248 1959 399 2016 voluimus
415 1976 481 2016 eam
497 1959 599 2016 heberi
615 1959 756 2030 liberam,
779 1975 835 2017 nec
851 1961 948 2017 adbuc
967 1961 999 2018 in
1017 1964 1204 2034 negationem

145 2036 301 2107 doctrinae
318 2058 437 2106 nostrae
455 2048 492 2105 de
506 2047 695 2105 Sacramento
712 2049 889 2107 omittimus:
908 2051 981 2123 quin
993 2049 1023 2118 ³)
1040 2040 1110 2111 'aliis
1121 2054 1205 2111 etiam

146 2137 204 2195 sub
221 2137 359 2194 Ecclesia
375 2147 477 2195 nostra
492 2136 615 2193 liberam
632 2137 849 2209 permittimus,
874 2139 962 2196 etiam
988 2140 1046 2215 ipsi
1071 2160 1141 2199 eam
1162 2158 1204 2200 re·

146 2226 322 2296 staunton,
350 2226 375 2283 si
398 2240 475 2301 opua
495 2227 535 2283 ait
550 2236 600 2283 aut
617 2228 703 2284 utiles
727 2226 805 2284 sicut
820 2226 958 2285 Ecclesia
976 2240 1042 2299 tota
1058 2231 1203 2292 Mediola.

145 2316 248 2376 nensis
264 2331 362 2388 neque
379 2329 494 2372 canone
511 2331 608 2386 neque
626 2315 789 2371 elevatione
806 2317 897 2372 utitur
913 2334 1013 2391 usque
1036 2321 1067 2376 in
1084 2321 1203 2381 hodier-

144 2425 218 2467 num
234 2409 329 2476 diem,
346 2404 460 2462 etiamsi
477 2413 538 2461 tota
554 2405 687 2462 Romana
704 2405 841 2464 Ecclesia
858 2408 943 2464 aliter
958 2411 1064 2483 faciat,
1083 2431 1144 2473 nec
1160 2424 1203 2474 est

144 2498 204 2554 ulla
219 2497 259 2554 lbi
275 2495 415 2552 offensio.
449 2496 528 2551 State
544 2511 616 2565 ergo
636 2504 667 2551 et
687 2497 776 2551 uolita
798 2496 949 2565 dubitare,
973 2516 1027 2556 me
1049 2519 1201 2579 nunquam

143 2587 215 2652 (nisi
233 2602 281 2641 me
298 2585 385 2641 Deus
406 2584 551 2641 furiosum
574 2583 639 2640 lieri
665 2584 827 2657 permittat)
853 2603 1013 2645 sensurum
1038 2608 1110 2649 esse
1133 2611 1201 2652 cum

146 2675 322 2749 aduersariis
338 2665 539 2742 sacramenti,
563 2690 619 2729 nec
642 2691 708 2729 earn
728 2674 977 2732 abominationem
994 2696 1159 2751 passurum
1171 2678 1201 2751 ⁴)

143 2754 337 2826 inEccleaia
359 2764 433 2820 mihi
456 2763 578 2821 credita.
615 2765 676 2820 Aut
698 2764 724 2819 si
748 2767 846 2838 (quod
863 2777 971 2824 avertat
985 2770 1095 2840 Deus)
1120 2776 1201 2833 aliter

141 2858 263 2922 fecero,
281 2870 336 2909 vos
355 2868 424 2908 cum
435 2850 540 2908 fiducia
553 2851 659 2921 dicite,
677 2869 726 2908 tue
739 2854 886 2910 furiosum
897 2867 927 2912 et
938 2858 1112 2918 damnatum
1125 2882 1200 2922 esee.

140 2944 292 3006 Diabolus
309 2952 373 3011 est,
390 2943 441 3014 qui
460 2956 529 2995 cum
545 2941 636 3010 sciat,
660 2952 703 2997 tot
720 2942 796 2999 meis
814 2944 896 3000 libris
914 2946 1045 3005 testibus
1062 2968 1114 3007 me
1131 2954 1202 3010 invi.

141 3047 225 3092 ctum
242 3049 309 3090 esse
327 3032 357 3088 in
374 3028 513 3105 publico,
531 3032 638 3100 cogitat
654 3032 831 3103 serpentinis
846 3045 876 3088 et
890 3035 1080 3096 clanculariis
1093 3043 1199 3113 sibilis,

141 3125 192 3183 ubi
212 3131 330 3198 potest,
357 3121 386 3176 iu
408 3120 520 3190 angulis
543 3120 700 3188 infamare,
724 3131 755 3176 et
771 3121 896 3177 verbum
913 3125 1047 3183 veritatis
1065 3133 1126 3186 sub
1143 3133 1199 3190 mei

140 3215 270 3273 nominis
288 3206 374 3268 titulo
391 3208 569 3265 deformare.
603 3210 705 3279 Cogor
723 3210 819 3283 itaque
840 3224 908 3284 post
925 3224 970 3270 tot
986 3221 1199 3282 confessiones

141 3323 227 3380 meas
244 3303 341 3359 adhuc
358 3317 447 3356 unam
467 3300 584 3368 lacere,
602 3292 632 3367 ⁵)
656 3317 745 3372 quam
768 3301 872 3358 seciam
893 3305 1070 3377 propediem
1092 3323 1124 3369 et
1148 3332 1200 3372 no.

140 3396 301 3454 vissimum.
316 3386 344 3458 ⁶)
361 3389 405 3458 ¹⁰³¹)
443 3423 449 3433 .

191 3618 213 3666 ll
231 3618 260 3664 ll.
273 3615 305 3665 bl.
322 3613 356 3660 lut
369 3611 439 3663 taum
451 3609 564 3659 llbbmu:
582 3609 670 3664 tuerit.
690 3609 744 3661 tlutt
757 3609 831 3657 factat
843 3614 869 3658 ut
881 3609 923 3658 ait.
982 3615 1005 3665 2)
1023 3621 1042 3662 ι,
1053 3616 1124 3666 passe,
1143 3620 1196 3668 110„

139 3691 162 3744 3)
174 3689 274 3738 battle.
288 3695 350 3733 run.
390 3687 412 3738 l)
425 3687 444 3733 l.
453 3685 523 3733 utta.
535 3682 613 3730 ansul
623 3684 681 3731 abne
689 3694 822 3741 passumus.
865 3688 887 3738 5)
900 3691 922 3735 t.
930 3685 999 3736 illle.
1012 3697 1104 3738 nutent
1114 3696 1194 3743 eam,

137 3765 162 3818 tl
175 3765 193 3810 l.
204 3763 273 3810 stlte.
286 3757 432 3814 usmetullaa
445 3756 609 3803 novisslnnn.

137 3879 366 3903 Μ

186 3967 211 4018 ‘l
225 3965 261 4015 st
273 3962 360 4010 toneat
371 3962 405 4009 lta
419 3961 464 4012 sr.
478 3968 500 4008 t.
512 3963 546 4011 ὃ
559 3962 616 4012 mat.
628 3962 702 4012 ltttn
716 3959 762 4009 lto.
771 3956 898 4019 atttcxt„
912 3969 963 4012 aaa.
1011 3963 1052 4021 *η
1071 3967 1108 4022 σε
1120 3971 1192 4020 mm

135 4041 178 4093 tal
191 4038 253 4092 turta
266 4032 413 4090 lactescunt
426 4041 480 4084 tant
493 4035 548 4087 tait
561 4036 714 4086 essentne.
807 4075 815 4100 Ι
