2730 4724
136 295 199 358 112
355 294 358 303 ’
628 238 719 373 idid·

136 450 207 508 alias
229 442 318 510 nc'bis
340 470 404 512 non
428 453 585 529 displicere
609 457 712 515 stilum
735 464 766 513 et
791 460 998 528 arannentaan
1019 470 1142 527 naum,
1164 453 1192 512 in

137 542 246 614 quibus
263 545 444 616 versamini,
470 548 523 603 sed
540 563 632 605 sensu
648 556 678 604 et
695 547 804 603 affectu
822 562 926 615 sumus
943 545 1116 605 dissimiles.
1147 544 1192 602 Li.

135 630 209 689 berc
233 636 312 695 enim
337 635 450 691 dicem:
482 636 721 709 Zminglium,„¹)
754 648 915 711 postquam
937 636 1098 710 Marpurgi
1124 634 1192 692 mihi

136 723 220 779 visus
244 736 275 780 et
299 725 416 782 auditus
434 738 500 795 est,
516 727 546 795 ²)
571 728 671 783 virum
694 727 841 800 optimum
864 742 934 783 esse
944 726 1099 799 judicavi,
1121 726 1192 783 sient

137 825 168 869 et
179 812 462 887 Oecoismpadium‚
480 816 519 872 ita
535 824 683 872 uteorum
698 832 787 872 cesus
798 832 848 872 mc
859 832 954 889 paene
970 818 1192 885 exanimaverit,

135 903 215 959 nulia
240 902 355 975 majore
381 920 487 972 censs,
522 921 611 977 quam
638 906 718 977 qnod
744 905 868 961 credere
894 904 1042 976 cogebar,
1069 907 1192 963 alienum

137 1007 226 1060 esse,
250 1009 303 1048 sen
330 993 429 1066 potius
451 992 652 1064 permansisse
677 994 854 1049 ssententis
878 1005 998 1065 nostra,
1024 1012 1116 1069 quam
1138 1011 1192 1052 nct

137 1080 314 1153 arbitramur
330 1098 432 1138 versrn
449 1097 517 1140 esse
534 1099 596 1139 non
612 1087 727 1151 minus,
747 1099 837 1155 quern
854 1100 911 1140 vos
927 1094 1072 1141 vestram.
1103 1084 1146 1141 Et
1167 1083 1192 1141 id

137 1187 260 1244 qnoque
275 1170 411 1240 dolebat,
429 1171 512 1244 quod
528 1171 586 1228 sub
603 1170 724 1227 nomine
740 1181 794 1227 tno
810 1183 916 1244 postes
932 1172 1049 1230 edidisti
1060 1172 1192 1247 Zwinglii

135 1257 247 1316 librum
263 1260 298 1315 sd
314 1260 430 1331 Regem
446 1260 646 1317 Christianum
663 1261 809 1334 scriptum
820 1262 893 1316 mira
914 1260 1002 1316 lsudc
1023 1262 1192 1332 celebrans,

137 1366 209 1407 cum
232 1351 263 1409 in
280 1366 325 1429 'eo
342 1350 419 1406 libro
441 1367 510 1406 esse
526 1366 635 1407 nosses
652 1367 741 1423 quam
758 1351 900 1422 plurim,
923 1366 1001 1424 quae
1024 1367 1088 1408 non
1104 1354 1192 1410 modu

90 1446 94 1455 '
136 1457 215 1509 nos,
232 1440 286 1499 scd
297 1456 402 1499 omnes
414 1440 481 1516 pios
492 1440 644 1496 offendunt
656 1442 767 1513 optimo
775 1441 858 1512 jure:
882 1457 944 1497 nou
955 1442 1036 1514 quod
1049 1442 1192 1501 invideam

136 1531 248 1589 henori
265 1531 420 1600 zwinglil,
443 1531 480 1586 de
497 1532 583 1602 cnjus
599 1541 697 1586 morte
714 1540 826 1586 tanturn
842 1526 874 1597 ³)
897 1530 1034 1590 dolorem
1052 1533 1192 1609 concepi¹

138 1624 191 1681 sed
210 1623 292 1695 quod
315 1621 472 1678 sinceritas
487 1620 639 1677 doctrinae
662 1620 753 1690 grafia
769 1620 878 1676 nullius
899 1620 1032 1678 hominis
1055 1621 1192 1696 vilipendi

138 1714 254 1770 debent.
288 1709 370 1768 Haec
388 1710 508 1781 scribo,
530 1723 564 1767 ut
580 1711 698 1778 videas,
722 1726 771 1766 me
788 1710 923 1766 cendone.
932 1727 1008 1766 vero
1030 1712 1097 1771 aine
1115 1714 1192 1771 omni

136 1805 283 1862 simultate
309 1813 409 1857 tecum
433 1817 530 1871 egere.
563 1801 627 1856 Vos
653 1800 777 1855 sortasse
797 1788 917 1857 creditis
943 1817 999 1857 ncs
1024 1819 1143 1873 errare,
1167 1804 1192 1861 id

138 1891 319 1950 commendo
334 1891 396 1947 Dei
410 1890 539 1963 judicio:
556 1899 639 1946 certe
656 1906 712 1951 nos
731 1890 819 1947 etiam
835 1907 895 1946 non
912 1908 1077 1964 possumus
1095 1905 1192 1952 vestm

139 1981 238 2038 omnis
263 1982 410 2053 probare,
437 1979 492 2036 nisi
522 1980 734 2036 conscientiam
758 1983 914 2038 mallemus
944 1998 1071 2039 onerare
1078 2023 1088 2052 ‚
1115 1984 1192 2057 quod

139 2088 199 2128 nnn
225 2070 349 2140 exigetis
375 2068 513 2139 anobis,
538 2077 571 2125 nt
595 2087 656 2126 non
681 2069 794 2126 dubito.
829 2071 887 2151 §ed
903 2070 975 2126 nihil
997 2082 1100 2145 posset
1121 2073 1192 2131 mihi

139 2162 242 2216 laetius
260 2169 325 2215 ante
341 2158 457 2215 obitum
468 2151 499 2227 ⁴)
516 2161 711 2231 contingere,
729 2177 818 2233 qnam
829 2161 854 2219 si
872 2163 992 2220 deretur
1007 2163 1125 2218 tandem
1143 2182 1192 2237 pes

138 2249 260 2319 gratiam
275 2248 336 2305 Dei
349 2249 469 2322 spiritus
486 2249 535 2306 iile
544 2288 554 2317 ‚
572 2248 622 2320 qni
638 2266 694 2305 coa·
711 2261 741 2305 et
757 2251 882 2316 animam
899 2268 997 2308 meam
1014 2252 1044 2308 in
1059 2252 1192 2310 Domino

140 2349 304 2406 recresrct,
326 2350 360 2400 nt
384 2356 475 2396 unum
499 2354 671 2413 saperemus
696 2350 726 2399 et
747 2340 916 2398 diceremus
941 2343 971 2401 in
988 2341 1132 2412 Christo,
1158 2343 1192 2400 sd

137 2427 263 2500 gloriam
279 2427 339 2485 Dei
355 2427 454 2485 Putris
478 2438 509 2484 et
525 2427 649 2485 salutem
667 2427 840 2486 animarum.
873 2432 955 2487 Haec
981 2431 1100 2488 interim
1124 2432 1192 2488 boni

138 2523 282 2589 consule,
308 2520 423 2585 donec,
450 2519 474 2576 si
497 2519 586 2575 Ilcus
610 2519 699 2589 velit,
724 2519 856 2577 libellum
873 2515 903 2586 ⁵)
928 2533 1012 2579 tunm
1038 2523 1151 2595 legero.
1165 2515 1192 2595 θ)

138 2610 222 2667 Bene
238 2608 326 2670 vale.-
346 2608 560 2680 Witenbergss
579 2601 619 2664 td.
636 2605 730 2680 Mau,
747 2608 988 2671 MDXXXVIII.

173 2923 215 2989 ss.
232 2917 324 2988 mas.
552 2888 555 2895 ’
671 2992 672 2996 Ν
887 2916 945 2976 ut.
961 2909 1163 2982 mucccvr.

281 3024 447 3141 αἰδὲ).
468 3065 624 3148 uellem
652 3064 887 3146 lastadildss
908 3065 1054 3150 lauriss.

424 3223 582 3281 maselum
594 3223 658 3274 alass
670 3224 758 3280 lusam
771 3223 916 3279 saltuum.

140 3466 193 3518 ttnt
210 3468 260 3515 tens
273 3464 383 3521 uastant
401 3465 427 3515 tn
444 3465 483 3515 tte
500 3464 784 3598 tonantissimas
804 3466 953 3525 cumminas
970 3478 997 3524 ss
1014 3469 1139 3525 murnum
1156 3470 1192 3523 lta

658 3548 671 3588 s
717 3573 723 3586 .
762 3571 769 3587 .

189 3757 212 3810 t)
236 3753 473 3811 tiotezwtnpmn.
521 3757 545 3810 2)
565 3755 812 3821 lintiniacum.
825 3761 916 3807 mest.
965 3760 987 3808 3)
1013 3759 1093 3807 llott
1108 3762 1192 3806 lemn.

140 3827 263 3881 ΗΜ),
277 3830 333 3874 mte
347 3826 438 3873 obitum
450 3839 529 3874 menn
542 3827 637 3875 laetius.
670 3832 694 3878 5)
712 3829 794 3878 licta
807 3830 902 3878 librum.
936 3833 957 3884 t)
978 3830 1051 3890 plenu
1065 3832 1100 3879 tls
1113 3840 1158 3878 ssa
1171 3834 1192 3879 t.

142 3899 371 4031 aldamum
388 3898 635 3956 unmounmrtms:
656 3899 775 3952 lustina
795 3904 826 3954 da
845 3903 992 3971 auctoritate
1010 3904 1149 3966 scripturas
1171 3908 1192 3952 et
