2730 4724
63 410 68 423 »
140 379 189 455 ta'
621 382 712 458 15³7.

154 510 376 610 ’iactatae
576 528 581 537 ’
837 530 1164 620 na'ntnccnxxx.

473 693 860 786 natinattonngeantt.

209 940 752 1014 wsmeeeeianttdenennntaaeta
765 954 1027 1021 &tremendae
1040 955 1128 1008 111.ss

139 1093 247 1194 Venia
258 1137 319 1195 hac
329 1139 396 1194 Jac.
408 1139 563 1210 Stigeliua,
582 1137 746 1209 ltoravus,
764 1147 795 1194 et
805 1140 945 1207 ostendit,
962 1153 996 1194 se
1010 1137 1048 1194 ab
1059 1135 1198 1194 Ecclesia

140 1226 314 1285 salfeldensi
325 1229 360 1283 nd
370 1230 622 1289 Diaconi-munus
632 1243 774 1286 vocatum
785 1243 870 1296 esse,
888 1246 1014 1303 eamque
1024 1228 1064 1285 ob
1076 1244 1198 1285 cansam

140 1318 238 1392 petiit,
254 1329 288 1375 ut
298 1319 416 1391 publica
426 1320 623 1390 ordinatione,
640 1337 716 1392 quae
728 1320 789 1376 lieri
801 1320 879 1375 solet
889 1321 919 1375 in
929 1319 1068 1375 Ecclesia
1080 1328 1197 1387 nostra,

140 1406 338 1464 ministerium
349 1407 476 1463 docendi
489 1406 642 1478 Evangelii
661 1421 691 1465 et
707 1409 925 1483 administrandi
938 1410 1125 1489 Sacramenta
1140 1407 1197 1464 sibi

140 1498 385 1555 committeretur.
419 1499 496 1553 Cum
508 1499 631 1554 haberet
646 1495 743 1554 autem
759 1500 960 1554 testimonium
976 1497 1197 1565 devocatione,

141 1594 173 1642 et
195 1603 297 1643 mores
321 1587 398 1641 illias
415 1587 554 1643 Ecclesia
578 1587 770 1645 Salieldensis
795 1588 954 1661 probaret,
981 1604 1038 1643 noa
1063 1587 1198 1644 doctrina

141 1678 207 1749 ejus
230 1678 402 1748 explorata,
424 1677 647 1749 comperimus,
675 1694 745 1733 eum
768 1679 906 1750 amplecti
922 1682 961 1734 'et
985 1688 1067 1734 recte
1092 1688 1197 1735 tenere

71 1763 72 1766 ’
139 1783 247 1842 puanm
262 1767 415 1839 Evangelii
437 1767 621 1835 doctrinam,
646 1785 734 1840 quam
759 1768 906 1824 catholica
927 1768 1067 1825 Ecclesia
1084 1767 1195 1826 Christi

136 1834 300 1934 profitetur
322 1866 352 1913 et
376 1874 433 1912 nos
459 1857 489 1912 in
506 1857 645 1913 Ecclesia
668 1871 771 1914 nostra
792 1844 1007 1927 docemus‚'et
1031 1859 1196 1915 abhorrere

140 1948 178 2004 ab
196 1946 336 2003 omnibus
358 1946 456 2019 impiis
472 1955 502 2001 et
516 1947 651 2004 fanaticis
675 1947 865 2019 opinionibus
882 1949 1002 2020 rejectis
1015 1949 1130 2020 judicio
1147 1965 1197 2004 ca.

140 2037 271 2094 thelicae
295 2034 453 2092 Ecclesiae
479 2034 592 2092 Christi
618 2046 649 2091 et
665 2038 861 2109 pugnantibus
886 2055 956 2094 cnm
982 2056 1018 2095 ea
1043 2039 1193 2108 doctrina,

141 2144 217 2202 quac
233 2128 263 2183 in
278 2124 415 2181 Ecclesia
432 2135 532 2182 nostra
548 2127 681 2183 traditur.
714 2127 872 2196 Pollicitus
896 2139 944 2184 est
959 2138 1058 2185 autem
1074 2114 1195 2200 diligen.

141 2220 211 2275 tiam
235 2225 265 2273 et
282 2205 370 2273 tidem
391 2216 422 2271 in
432 2210 494 2271 'suo
510 2215 692 2285 ministerio,
719 2228 749 2273 et
771 2217 922 2287 promitit,
948 2235 981 2275 se
997 2219 1074 2275 hanc
1100 2220 1195 2293 ipsam

92 2328 100 2336 ·
140 2310 304 2366 doctrinam
322 2305 486 2362 catholicae
504 2305 657 2363 Ecclesiae
674 2308 803 2377 Christi,
823 2325 913 2381 quam
929 2325 985 2365 nos
1003 2310 1194 2381 profitemur,

139 2417 215 2475 pure
240 2397 415 2453 traditurum
440 2406 470 2451 et
494 2397 685 2453 defensurum
711 2414 788 2455 esse.
833 2397 936 2471 ltaque
957 2401 1044 2471 juxta
1068 2401 1195 2458 verbum

138 2489 201 2548 Dei
224 2486 399 2545 auctoritate
414 2485 569 2543 Ecclesiae
594 2496 713 2543 nostrae
738 2487 855 2561 publica
878 2489 1062 2546 ordinatione
1086 2492 1195 2548 confir.

138 2589 219 2637 mata
243 2587 290 2637 est
315 2577 452 2644 vocatio,
478 2586 509 2632 et
535 2576 729 2632 commissum
756 2577 827 2632 huic
851 2575 971 2634 Jacobo
999 2581 1195 2639 ministeriam

139 2669 268 2728 docendi
284 2667 437 2738 Evangelii
461 2678 490 2722 et
507 2667 726 2724 administrandi
743 2668 941 2726 Sacramenta.
976 2669 1010 2725 Id
1028 2671 1076 2728 his
1100 2672 1194 2730 literis

140 2771 293 2819 testamur.
326 2757 367 2815 Et
392 2757 460 2833 qaia
481 2756 619 2812 Ecclesia
633 2758 770 2814 mandato
793 2759 893 2815 divino
916 2770 1006 2817 vocat
1025 2762 1194 2833 ministros,

139 2866 314 2924 precamur,
334 2849 424 2920 justia
448 2861 478 2904 et
502 2849 558 2921 piis
574 2851 669 2919 votis,
692 2844 727 2903 ut'
747 2847 942 2920 Evangelium
965 2852 1048 2920 hoc,
1072 2844 1193 2912 «Iacobo

140 2944 287 3009 docente,
311 2939 351 2998 sit
374 2937 481 2997 efficax
506 2948 536 2994 et
553 2950 633 2994 recte
657 2951 837 3009 agnoscatur
860 2948 889 2996 et
908 2941 1025 2998 colatur
1041 2943 1193 3004 Dominus

139 3042 245 3090 noster
258 3029 352 3087 desua
369 3028 528 3097 Christus,
545 3037 576 3083 et
591 3026 676 3083 multi
691 3027 728 3082 ad
745 3029 883 3102 pietatem
900 3031 1072 3104 perveniant
1089 3045 1120 3090 et
1136 3037 1195 3092 sal.

140 3131 259 3179 ventur.
291 3119 364 3179 Dat.
380 3117 592 3188 Witenbergae
608 3117 638 3172 d.
653 3118 681 3176 i.
697 3117 822 3176 Octobr.
828 3159 838 3188 ,
860 3135 886 3175 a.
903 3120 1128 3180 MDXXXVII.

818 3225 969 3284 Martinus
984 3228 1102 3286 Luther
1117 3230 1161 3289 D.

402 3429 929 3451 m*

172 3593 200 3653 ε.
216 3588 412 3655 metentes.
623 3555 625 3559 y
818 3589 878 3650 Nt.
895 3591 1160 3655 MDchxltxt.

461 3736 511 3806 tta
532 3736 589 3807 len
610 3732 719 3820 &alen
740 3737 867 3824 (latet.

141 3893 166 3946 e.
177 3892 264 3951 sotter
277 3893 326 3950 ten
339 3892 380 3942 tat
392 3890 480 3945 actuo
493 3893 536 3944 ati
553 3891 594 3946 tte
605 3893 647 3948 tte
660 3896 725 3949 mn
737 3892 871 3952 tamtan
884 3898 925 3952 te
937 3909 963 3953 aa
977 3904 1125 3957 temnant
1146 3906 1192 3954 ant

242 3980 245 3988 ·
319 3968 370 4025 alat
384 3967 432 4021 ten
444 3967 487 4017 ten
499 3968 637 4044 anetam
650 3969 724 4022 tans
736 3970 823 4024 malm
835 3983 861 4027 aa
875 3973 1012 4031 umam.

593 4095 736 4122 nd·—
