2616 4710
601 279 736 387 teti..
902 332 906 340 ·
1108 304 1170 378 tss

187 466 238 523 De
250 472 375 539 pecunie
385 470 623 530 Weissenseensi
635 475 699 543 fao,
716 474 797 547 quod
811 472 894 530 tucis.
926 472 1004 533 Nem
1019 469 1089 526 suis
1106 475 1175 537 edel

121 556 271 626 Magister
287 561 353 629 ille,
370 578 466 618 novus
483 565 627 631 maritus,
651 565 697 618 cui
715 563 780 619 datu
796 574 843 620 est
857 563 1019 619 mediatore
1034 561 1078 618 1).
1094 558 1174 615 Pon.

122 657 203 703 tanc.
238 648 387 719 Viderint,
404 653 452 723 qui
464 653 572 710 ‘dolum
590 655 742 723 iecerunt,
758 654 807 708 vel
823 671 884 708 nou
901 653 1047 707 fecerunt.

187 761 237 816 De
254 765 460 835 supputatione
477 775 526 820 tus
544 765 588 821 sic
601 765 713 834 sentio,
731 767 801 821 mihi
813 781 937 838 prorsus
953 763 1058 819 similia
1075 761 1174 818 solum

122 852 152 904 in
175 849 251 906 libro
276 871 373 925 eoque
399 857 487 909 unico
510 856 651 914 Judicum
676 873 731 911 sex
755 857 924 910 occurrisse
947 853 1172 925 impedtmenu,

121 957 198 1013 quae
215 942 276 997 tibi.
309 944 349 998 Et
367 960 512 1015 sequerer
528 945 618 1000 hodie
637 946 825 1015 cogitationes
843 955 906 998 tuas
917 986 925 1013 ,
944 945 999 999 uisi
1018 959 1066 998 ess
1083 953 1172 1012 tunc,

122 1048 192 1086 cum
216 1049 315 1088 essem
339 1036 367 1088 in
390 1053 480 1105 opere
488 1076 498 1104 ‚
522 1053 570 1089 me
594 1037 786 1105 exercentes,
810 1035 961 1091 vicissem.
993 1034 1072 1090 Nam
1092 1033 1173 1110 quod

120 1129 156 1174 tu
180 1122 249 1179 illud
265 1126 282 1173 3
298 1123 373 1190 Reg.
391 1111 442 1178 VI.
459 1126 503 1178 sic
525 1125 645 1193 intelligi
663 1125 776 1192 velles,
800 1125 884 1196 quusi
905 1122 956 1177 ltili)
972 1124 1038 1178 euni
1061 1132 1174 1177 tantum

122 1210 257 1266 debonis
268 1213 421 1281 judicibus
434 1216 546 1282 dicent,
564 1216 672 1270 nonde
687 1217 797 1287 populo
814 1227 859 1268 aut
871 1214 1082 1280 servitutibus,
1101 1229 1173 1285 que.
1227 1275 1228 1279 ἵ

120 1299 187 1354 liter
204 1302 240 1355 de
257 1301 321 1356 Saul
339 1315 450 1358 tantum
468 1304 526 1358 duo
544 1306 627 1371 unni,
650 1305 733 1359 etde
750 1305 860 1359 Horam
881 1314 993 1358 tentum
1017 1315 1087 1358 octo
1105 1300 1173 1357 unni

121 1391 273 1461 supputari
291 1391 443 1460 videntur,
467 1403 497 1448 tu
516 1393 641 1462 videris,
661 1408 800 1465 quantum
818 1395 868 1448 blo
886 1392 1021 1447 movebis
1037 1391 1173 1446 absurdi.

120 1489 216 1533 tntum
238 1481 267 1532 in
292 1470 517 1550 historia‚'⁴imo
544 1474 572 1536 in
595 1482 741 1537 Ecclesia.
774 1481 852 1538 Num
877 1483 932 1537 istu
958 1480 1172 1552 consequentis

119 1569 200 1622 nulla
225 1582 287 1637 est,
312 1570 454 1640 populum
478 1586 544 1626 esse
565 1574 773 1642 peccatorem:
799 1560 870 1639 ergo
895 1587 931 1627 eo
954 1583 1088 1641 tempore
1109 1586 1171 1625 non

120 1659 212 1714 luisse
229 1659 373 1731 populum
388 1661 466 1729 Dei,
484 1673 531 1716 sut
548 1661 649 1715 Deum
666 1661 788 1732 populi,
807 1661 977 1731 praesertim
996 1658 1171 1729 promissio.

120 1749 362 1820 nem-habentis.
403 1751 515 1805 Bileam
540 1750 632 1806 Num·
651 1749 761 1807 XXIV.
787 1751 870 1805 dicit:
898 1765 964 1803 non
988 1748 1109 1804 idolum
1135 1747 1171 1802 in

121 1836 230 1893 Jacob.
264 1840 373 1894 Contra
391 1840 485 1896 Amos
502 1843 586 1896 dicit:
611 1839 776 1915 Numquid
789 1839 869 1911 pzihi
885 1837 1043 1894 obtulistis
1064 1839 1099 1892 in
1115 1838 1171 1892 de·

122 1936 208 1983 serto
229 1945 291 2001 per
314 1928 347 1984 to
363 1935 492 1997 annos?
524 1932 552 1986 Si
578 1948 649 2000 ergo
672 1931 729 1986 sub
750 1930 843 1986 Mose
868 1931 946 1994 (imo
970 1929 1027 1985 sub
1047 1929 1171 1984 Christo

122 2020 176 2074 fuit
190 2019 285 2076 «ludas
309 2029 338 2076 et
356 2023 482 2092 populus
506 2022 628 2093 impius)
647 2022 752 2077 luerint
769 2021 936 2077 idololatrae
959 2037 996 2076 eo
1015 2031 1170 2092 tempore,

122 2124 184 2181 quo
201 2112 313 2166 nullum
337 2112 390 2166 fuit
406 2112 517 2167 idolum
535 2113 564 2166 in
580 2111 697 2180 Jacob,
719 2111 806 2166 etism
829 2111 895 2184 ipso
912 2120 1006 2179 teste,
1024 2109 1082 2165 -ubi
1099 2109 1172 2166 dicit

122 2200 215 2256 Deut.
228 2202 312 2259 XII:
330 2204 408 2258 Non
415 2202 533 2275 socies,
549 2204 631 2259 sicut
648 2219 707 2258 nos
723 2202 816 2258 hodie
830 2200 980 2269 facimus,
1000 2199 1184 2274 unusquis-v

122 2307 180 2364 que
203 2291 290 2365 quod
309 2291 369 2347 sihi
390 2301 511 2360 rectum
526 2294 670 2348 uidetur:
694 2304 806 2365 quanto
828 2294 920 2361 magis
943 2290 999 2347 sub
1020 2289 1116 2346 dosus
1139 2297 1172 2346 et

121 2381 184 2435 sliis
210 2382 283 2435 tales
309 2383 434 2438 fuerunt.
475 2383 541 2438 Imo
565 2382 709 2438 Ezechiel
735 2382 822 2447 dicit,
848 2396 1007 2435 mammos
1031 2377 1171 2436 Artibus

112 2469 222 2540 fuisse
237 2478 353 2532 tactas.
368 2474 393 2537 ¹)
426 2471 467 2527 Et
493 2473 539 2526 ulii
556 2471 725 2546 Prophetae
742 2472 845 2528 dicunt
866 2471 906 2528 ub¹
926 2470 1008 2526 initio
1025 2473 1118 2536 <sicut
1139 2479 1172 2528 et

120 2560 246 2619 Moses>
275 2562 368 2615 luisse
394 2560 520 2616 rebelles
543 2561 688 2617 Domino.
732 2562 766 2617 Id
790 2561 861 2633 quid
889 2571 936 2616 est
959 2561 1171 2632 sliudpquem

120 2649 288 2704 Ecclesium
308 2649 367 2703 Dei
390 2651 498 2704 landari
516 2651 636 2720 quidem
654 2652 737 2722 quasi
755 2664 900 2722 perpetuo
923 2661 1054 2706 sunctum
1076 2660 1105 2705 et
1122 2666 1172 2705 cs.
1186 2681 1194 2704 .·

123 2748 216 2806 stam,
240 2747 387 2793 ettamen
410 2739 497 2793 simul
515 2740 688 2809 significari,
713 2742 743 2796 in
767 2743 827 2811 ipss
850 2756 918 2796 esse
941 2738 1017 2794 lilios
1032 2737 1176 2808 Dinboli,⁴

122 2828 183 2881 imo
207 2829 341 2881 Serenam
366 2829 443 2883 inter
466 2828 542 2884 filios
565 2830 637 2884 Dei.
677 2830 808 2885 Proinde
836 2841 934 2885 tecum
960 2847 1021 2891 uon
1044 2825 1171 2901 possut'u

123 2917 252 2984 sentire,
275 2919 356 2988 quod
377 2919 484 2987 stteg.
502 2918 555 2974 VI.
573 2921 611 2975 sit
633 2919 836 2989 intelligendus
853 2935 993 2975 numerus
1014 2936 1068 2990 pro
1084 2919 1189 2975 bonis*

120 3016 233 3060 tantum
247 3007 409 3076 judicibus.
443 3008 500 3063 Sed
517 3009 617 3080 potius
635 3013 738 3064 Actor.
756 3010 836 3065 XIII.
854 3010 963 3082 putabo
977 3010 1185 3081 deprevatum

121 3097 328 3167 tooprosoo,
354 3109 384 3153 ut
406 3100 519 3153 iumen
539 3097 693 3153 Chronico
715 3099 837 3169 signavi.
872 3098 1121 3174 Quandoquidem
1143 3107 1175 3158 el
1232 3115 1233 3119 ’

122 3189 261 3259 Stephani
289 3187 417 3243 narratio
447 3192 517 3243 Act.
542 3188 607 3243 v-tt.
637 3189 744 3245 cedere
776 3190 865 3244 debet
890 3189 976 3246 Mosi
1004 3189 1190 3262 Chronico„

122 3289 154 3331 ut
178 3277 286 3331 ibidem
310 3278 435 3334 ostendi.
473 3277 567 3347 igitur
588 3277 671 3331 sliam
698 3279 801 3334 afferto
826 3278 1064 3334 conciliationem
1087 3278 1172 3336 Pauli

122 3369 228 3420 Actor.
251 3366 333 3421 XIII.
360 3382 429 3420 cum
454 3367 561 3433 SRex.
579 3367 629 3421 VI.
658 3366 738 3422 -Tus
761 3375 816 3425 tsts
841 3367 912 3421 mibi
936 3383 997 3422 non
1023 3368 1189 3445 satisfecit-f

121 3456 192 3510 Vale
223 3458 249 3510 in
277 3456 428 3524 Domino,
456 3466 487 3512 et
510 3472 563 3512 ora
589 3473 645 3530 pro
672 3473 731 3513 me.
773 3457 840 3514 Fer·
864 3457 891 3514 ⁶.
918 3466 988 3530 post
1014 3458 1171 3529 Laurent„

121 3545 291 3603 MDXLII.

791 3661 831 3719 Τ.
849 3656 997 3725 Martinus
1014 3663 1138 3720 Luther.

174 3985 195 4034 tt
210 3985 292 4033 utrm.
305 3985 330 4034 t.
342 3984 439 4034 barus.
