2730 4724
133 333 196 425 ito
624 358 716 426 trra.

133 517 266 590 periculi.
299 514 379 573 Nam
394 517 548 591 frequens¹
558 524 589 572 et
605 516 713 573 creber
729 522 774 571 eat
786 514 835 572 his
853 513 956 571 diebus
973 514 1058 570 calor
1077 510 1193 570 febrilis

134 611 163 665 in
179 608 237 663 hac
255 607 386 677 civitate,
404 606 518 662 etmihi
536 607 610 662 duae
629 607 749 663 ancillae
767 607 883 662 sortirer
896 603 1073 661 febricitant.
1107 603 1194 660 Mar.

134 699 244 754 tinulua
270 707 299 752 et
322 695 463 753 Paululua
487 697 541 752 vix
564 697 714 752 resistunt
759 695 831 751 Vale
857 695 1049 763 inebriato,
1076 695 1193 768 optime

134 789 231 855 Jona,
258 798 287 842 et
312 803 364 842 ora
387 803 441 858 pro
465 803 525 842 me.
560 787 668 843 Salutat
693 796 722 841 te
747 795 918 841 reverenter
933 799 1020 839 mena
1036 784 1193 842 Dominus

134 877 250 947 Ketlta,
268 887 296 931 et
312 894 362 931 me
378 876 569 948 Principibus
587 864 774 931 commenda.
807 876 858 930 De
873 875 937 931 Dn.
953 874 1091 933 Wellero
1109 886 1139 930 et
1155 877 1194 930 da

135 969 262 1024 Caesare
286 978 314 1023 et
332 967 435 1023 Turca
458 967 560 1035 latins,
584 965 653 1034 ubi,
671 965 704 1028 si
730 964 864 1034 licuerit,
889 964 1079 1037 Principibus
1104 956 1193 1021 simul

136 1059 298 1131 scripsero.
331 1056 415 1112 Feria
429 1055 580 1125 Jubilate,
597 1070 677 1109 anno
691 1052 937 1110 Mnxxxvnt.

809 1160 850 1218 Τ.
867 1159 1019 1217 Martinus
1034 1160 1160 1219 Lutber.

169 1501 212 1555 ta.
230 1495 320 1565 blan
882 1491 940 1551 Nv.
957 1489 1157 1551 Mnooelv.

256 1649 305 1718 itu
327 1645 483 1718 &burri
504 1643 599 1728 &ott
625 1639 751 1719 blitiri
768 1655 826 1710 oon
847 1639 1070 1723 brriorillirt.

180 1801 211 1856 'a
225 1806 344 1854 renerent
363 1803 403 1853 lea
416 1801 569 1856 meterentur
579 1803 618 1848 aer
631 1801 699 1851 stetit
716 1801 755 1849 eea
773 1793 883 1855 aritini
896 1800 1072 1860 &quatiant
1090 1760 1138 1847 irat
1156 1801 1195 1849 tel

139 1879 371 1933 &nutrimentorum
390 1876 522 1926 muratus
544 1875 582 1922 att
605 1874 770 1926 annuntiate
787 1875 921 1928 oetantrra
941 1873 995 1924 aab
1013 1875 1136 1929 ortana
1159 1877 1196 1924 tte

138 1950 301 2007 arcontium
314 1950 360 1997 nit
376 1949 459 1999 aleten
471 1947 601 2004 maranae
618 1950 657 1995 rer
675 1948 709 1995 tn
721 1948 749 2002 n
762 1948 820 1996 tals
833 1949 873 2002 aar
885 1950 924 1996 ter
941 1947 1066 2004 eutitium
1080 1951 1193 2002 bunnar.

139 2027 209 2080 toan
220 2025 248 2073 la
260 2021 362 2078 etnim
374 2030 433 2072 nar.

140 2275 192 2325 saa
204 2277 242 2322 ter
254 2273 464 2326 boraerltnen
477 2275 625 2329 carantana
634 2283 660 2329 tu
670 2274 758 2341 telaria
772 2273 813 2325 lea
826 2272 1031 2332 sotaerttttu
1056 2273 1193 2325 astrueres

188 2348 230 2397 tet
243 2349 287 2400 aut
297 2349 335 2395 arr
347 2346 581 2401 nortmanniam
593 2346 729 2400 statione!
742 2345 871 2397 innitar
883 2338 993 2401 ornam
1009 2347 1147 2402 anulum.

173 2477 362 2536 Reverendo
379 2477 413 2533 in
431 2477 558 2535 Christo
574 2478 692 2549 Patri,
720 2478 806 2535 Duo.
824 2477 999 2548 Edoni-do,
1030 2477 1197 2551 Episcopo

237 2567 449 2639 Ersordr'ensi
469 2568 505 2624 in
521 2568 665 2644 Anqlia,
689 2584 747 2625 suo
770 2568 805 2624 r‘n
828 2568 971 2626 Domino
987 2568 1122 2640 Maiori
1141 2584 1194 2625 co:

237 2657 342 2715 lende.

141 2807 197 2898 G·
223 2862 252 2908 et
275 2852 312 2909 P.
337 2853 366 2909 in
391 2851 513 2910 Christo
534 2853 670 2910 Domino
696 2863 813 2921 nostro,
846 2855 921 2912 Cum
946 2855 978 2911 hi
1002 2854 1075 2924 viri,
1100 2854 1196 2912 nostri

141 2943 229 2998 amici
253 2953 284 2998 et
300 2941 473 3016 Principum
499 2945 601 3015 legati,
628 2946 662 2999 ad
681 2946 908 3001 Serenissimum
933 2940 1063 3000 vestrum
1080 2945 1196 3016 Regem

140 3042 278 3104 pararent
293 3032 367 3098 iter,
383 3050 444 3087 non
461 3034 559 3104 potui,
577 3034 752 3089 Reverende
769 3035 922 3102 Domine,
945 3035 1099 3103 omittere,
1124 3037 1197 3108 quin

143 3123 178 3184 ad
204 3132 232 3177 te
256 3121 357 3177 darem
377 3123 494 3191 literas,
519 3124 631 3178 veritus
656 3141 744 3196 quarn
767 3125 897 3180 maxime
921 3126 1073 3181 incurrere
1093 3125 1198 3181 vitium

143 3213 245 3284 ingrati
262 3221 293 3267 et
309 3212 493 3267 immemoris
505 3212 646 3269 bominis.
680 3212 760 3269 Nam
775 3232 844 3270 cum
857 3226 975 3286 praeter
991 3215 1197 3272 suavissimam

142 3301 384 3370 familiaritatem,
402 3318 459 3374 qua
470 3299 520 3354 hic
530 3301 687 3357 nobiscum
704 3304 803 3359 fuistis
814 3305 1002 3371 conversati,
1025 3304 1113 3359 etiam
1125 3306 1196 3362 satis

145 3391 244 3464 amplo
261 3390 408 3447 benelicio
420 3407 468 3446 me
486 3391 643 3460 affecistis,
661 3405 689 3447 et
701 3394 827 3448 consilio
839 3405 942 3449 contra
954 3395 1071 3449 hostem
1084 3413 1198 3464 meum,

143 3483 309 3549 calculum,
325 3482 493 3553 profuistis:
511 3499 573 3536 noo
591 3492 637 3538 est
654 3483 730 3554 apud
747 3501 795 3538 me
815 3484 900 3540 locus
918 3484 1077 3541 oblivionis
1095 3488 1197 3543 vestri.

144 3570 237 3642 Saepe
254 3571 290 3624 de
307 3570 393 3624 vobis
410 3580 440 3625 et
456 3569 653 3626 creberrimus
669 3587 769 3626 sermo
786 3574 855 3641 tuit,
874 3575 1046 3643 praesertim
1065 3592 1133 3631 cum
1152 3577 1197 3631 sic

145 3659 326 3716 variantibus
349 3660 438 3716 rebus
468 3660 496 3714 in
521 3677 612 3731 regno
638 3673 739 3715 vestro
763 3662 810 3715 vel
837 3679 896 3717 non
921 3664 1056 3735 potuistis
1080 3665 1118 3719 ad
1141 3683 1197 3721 nos

144 3753 245 3810 literas
258 3751 345 3820 dare,
362 3749 410 3803 vel
424 3750 506 3804 datae
524 3751 657 3805 fortassis
671 3761 739 3806 sunt
757 3750 954 3824 interceptae,
973 3753 1079 3826 quibua
1091 3772 1199 3828 exspe-

146 3842 306 3898 cretionem
323 3850 455 3895 nostram
474 3841 650 3896 solaremur.
684 3841 885 3898 llaerebamus
911 3845 989 3898 enirn
1012 3855 1041 3900 et
1061 3847 1199 3900 formida.

144 3933 251 3988 bamus
268 3946 357 3999 sane,
382 3946 420 3984 ne
444 3930 521 3984 forte
538 3931 599 3985 hoc
620 3932 756 4002 pertinax
781 3932 930 3995 silentium
958 3945 1038 3990 esset
1060 3936 1198 3994 tristioris

147 4024 272 4092 alicujus
290 4036 378 4076 casua
397 4017 514 4090 signum
531 4031 636 4076 contra
651 4020 803 4093 Evangelii
824 4023 1004 4095 profectum.
1037 4024 1078 4082 Et
1094 4038 1197 4095 erant,
