2616 4710
613 331 705 399 istu.
754 377 757 386 .
852 400 860 409 ,
1118 329 1191 420 tst

128 482 243 540 etaoli
267 484 382 540 timere.
417 484 508 561 Quod
525 482 558 543 *si
584 489 672 542 etiam
693 488 769 543 haec
796 489 824 543 ἡ
849 489 927 544 lnrva
952 498 1070 555 movet,
1090 489 1181 569 'quod

127 574 246 643 cogeris
271 576 387 629 salutari
411 578 458 631 vel
483 576 597 632 adorari
623 579 787 650 Princeps,
813 580 906 647 scito,
936 579 1016 650 quod
1043 579 1096 632 ista
1121 595 1179 632 nec
1250 629 1252 632 Α

125 679 228 734 captus
246 682 301 719 nec
318 676 370 720 tuo
394 667 513 723 arbitrio
529 669 665 738 quaeris,
690 669 742 723 sed
761 668 883 723 alienam
900 667 951 723 hic
969 670 1045 723 serre
1062 670 1179 738 cogeris

124 754 270 809 rationem
288 764 317 809 et
334 757 598 824 consuetudinem,
615 775 676 811 non
694 769 816 829 propter
833 769 876 827 te,
897 759 951 813 sed
967 769 1091 830 propter
1107 774 1179 828 cos,
1271 822 1273 827 y

124 844 233 916 quibus
251 861 328 916 opus
352 856 399 900 est
422 847 476 901 iata
493 846 567 916 fieri,
601 847 699 903 Larua
723 859 841 903 estnec
858 852 881 914 ¹)
906 863 956 903 res
979 848 1065 904 seria.
1098 848 1179 907 Nam

123 944 154 988 et
165 933 387 1005 Magdeburgae
405 936 560 1004 cogebaris
578 936 655 990 hanc
673 937 799 1002 larvam,
816 953 869 992 seu
887 937 935 1002 (ut
949 936 1059 993 Peulua
1076 940 1178 1006 vocat)

122 1022 259 1076 habitum
283 1039 336 1078 seu
354 1022 475 1079 schema
501 1025 600 1092 serre,
625 1036 658 1080 ut
683 1025 823 1081 dicereris
844 1025 1047 1094 Licentittus,
1072 1027 1178 1083 deinde
1210 1027 1214 1036 '

123 1111 245 1168 Nobilis
258 1112 295 1166 ab
306 1116 462 1184 Amsdorf,
476 1126 503 1169 et
514 1115 631 1171 similia:
650 1115 694 1171 sic
706 1132 762 1186 ego
776 1116 906 1184 maritus,
920 1133 1107 1172 oeconomus
1120 1131 1177 1174 etc.

123 1203 182 1258 Sed
199 1203 296 1272 nosti,
314 1204 394 1275 quod
411 1205 499 1261 Deus
516 1205 572 1260 has
591 1222 734 1275 personas
751 1221 804 1261 seu
828 1207 922 1261 larvas
938 1206 1009 1263 nihil
1026 1220 1125 1276 curat,
1143 1219 1178 1267 ut

122 1308 199 1363 quae
216 1309 278 1346 non
301 1293 359 1347 sint
376 1309 499 1362 regnum
515 1293 595 1360 Dei,
620 1294 657 1348 ita
680 1305 713 1349 ut
728 1284 841 1350 Paulus
864 1295 967 1350 audeat
991 1297 1083 1355 etiarn,
1097 1303 1177 1370 alpu.¹
1204 1343 1208 1351 .

122 1382 261 1437 stolatum
280 1383 426 1454 eppellare
444 1384 554 1436 larvam
573 1383 710 1440 Ga1.11.:
734 1385 824 1440 Deus
844 1401 1019 1456 personam
1035 1402 1100 1440 non
1123 1406 1176 1440 res

122 1472 227 1543 spicit.
261 1471 389 1544 Oportet
406 1473 484 1527 euim
497 1472 662 1528 Ecclesiam
681 1476 709 1527 in
721 1476 831 1531 mundo
845 1491 1000 1547 apparere:
1018 1477 1070 1531 sed
1088 1491 1176 1549 appu.
1194 1513 1197 1518 -

121 1580 190 1617 rere
207 1580 268 1616 non
287 1574 403 1633 potest,
430 1563 484 1617 nisi
510 1563 539 1616 in
563 1563 662 1629 larva,
687 1580 831 1632 persona,
856 1574 948 1632 testu,
972 1567 1119 1636 putamine
1136 1572 1176 1623 'et
1211 1553 1213 1558 ¹

121 1653 232 1709 vestitu
257 1653 376 1724 aliquo,
406 1652 433 1707 in
460 1668 520 1723 quo
549 1653 643 1721 possit
671 1653 780 1722 audiri,
808 1654 916 1723 videri,
944 1656 1173 1727 comprehendi:

122 1741 229 1813 alioqui
248 1758 391 1812 nusquam
409 1743 504 1813 possit
518 1740 651 1797 inveniri.
685 1746 725 1797 At
743 1742 814 1797 tales
834 1744 929 1798 larvae
947 1755 1016 1799 sunt
1033 1745 1174 1817 maritus,

122 1834 276 1904 politicus,
295 1832 495 1900 domesticus,
510 1831 684 1900 sehunna,
704 1832 828 1901 Petrus,
846 1832 1009 1903 Lutherus,
1030 1837 1176 1891 Amsdot.

121 1921 177 1977 lius
190 1933 247 1976 etc.
256 1962 265 1990 ‚
284 1938 353 1975 cunt
369 1919 442 1975 nihil
460 1919 569 1975 horum
583 1920 621 1974 sit
632 1919 782 1986 Ecclesia,
799 1937 875 1992 quse
892 1939 952 1977 nec
967 1935 1013 1978 est
1027 1923 1174 1994 Judaeua.
1184 1925 1193 1933 ”

120 2028 178 2067 uec
203 2011 359 2077 Graecus,
384 2026 441 2064 nec
459 2011 626 2077 masculus,
652 2027 709 2064 nec
735 2011 883 2080 foemina,
907 2012 961 2066 sed
987 2030 1063 2070 unus
1087 2015 1202 2082 chrt,

122 2117 187 2158 stus
211 2111 269 2156 etc.
305 2101 406 2175 Quare
431 2098 586 2167 Christus,
611 2100 636 2154 si
660 2098 859 2172 Episcopatus
886 2117 942 2158 auo
969 2103 1067 2159 officio
1092 2116 1173 2175 stet,

120 2193 194 2247 nihil
206 2192 337 2259 curabit,
355 2208 391 2244 an
409 2192 488 2245 larva
505 2189 542 2244 sit
553 2189 664 2267 privata
676 2190 724 2244 uel
738 2189 870 2262 publica,
888 2191 1002 2263 plebeja
1017 2194 1066 2248 vel
1077 2196 1172 2266 regias

122 2284 179 2338 sub
202 2283 340 2337 omnibus
364 2281 452 2335 larvis
475 2289 505 2334 et
521 2280 656 2351 personia
673 2279 733 2334 coli
751 2290 872 2353 potest,
896 2292 930 2337 ut
951 2281 1006 2339 Ps.
1023 2283 1061 2340 11.
1078 2286 1107 2341 d.
1123 2285 1173 2343 Ee
1200 2355 1205 2364 ἡ

119 2388 205 2427 nunc
220 2374 327 2444 Reges
343 2368 512 2442 intelliqt'te
529 2375 585 2424 etc.

185 2487 241 2540 Sed
259 2485 328 2556 quid
346 2500 402 2552 ego
419 2483 456 2536 de
472 2480 520 2536 his
537 2481 571 2534 ad
592 2492 619 2536 te
636 2491 696 2535 tam
714 2481 837 2538 multis?
862 2484 944 2555 quasi
963 2494 997 2540 tu
1016 2502 1076 2541 nou
1092 2487 1170 2543 haec

120 2577 218 2632 omnia
235 2574 340 2628 melius
354 2572 471 2642 judices
488 2583 517 2625 et
535 2570 693 2638 intelligas:
711 2570 768 2624 nisi
784 2573 864 2642 quod
881 2589 981 2627 meum
995 2573 1045 2630 tibi
1064 2563 1184 2647 probe-¹,¹

119 2678 182 2720 tum
201 2674 230 2718 et
246 2675 360 2732 gratum
377 2676 444 2716 esse
462 2662 577 2732 cupium
599 2671 627 2714 et
644 2658 770 2714 officium
794 2671 822 2715 et
842 2663 989 2732 studium,
1008 2674 1037 2717 et
1054 2671 1171 2733 omnia,
1207 2737 1210 2743 Δ

120 2772 196 2826 quae
214 2765 338 2824 potero,
357 2753 529 2821 praesertim
548 2762 656 2804 tantam
673 2750 785 2804 larvam
799 2752 974 2822 sustinenti,
990 2755 1043 2808 sed
1061 2756 1096 2809 ad
1106 2757 1168 2812 Dei

120 2846 243 2914 gloriam
267 2853 296 2897 et
320 2842 479 2895 animarum
505 2840 696 2910 plurimarum
718 2841 852 2893 salutem.
888 2841 922 2895 ln
947 2843 1067 2898 Christo
1090 2845 1168 2903 bene

119 2935 200 3000 vale,
218 2936 325 2985 Arnen.
358 2930 451 2984 Meus
469 2927 565 2982 Ketha
579 2926 631 2980 tibi
650 2937 732 2996 optut
749 2944 854 2996 tnngno
872 2931 969 2985 animo
987 2931 1169 2990 benedictio.

118 3040 188 3078 nent
213 3022 272 3076 Dei
299 3021 475 3091 perlectam,
500 3028 530 3072 et
554 3016 715 3085 gratulatur
737 3017 792 3071 sibi
817 3034 884 3073 sese
908 3016 1019 3074 habere
1036 3023 1169 3079 vicinum

118 3115 198 3172 aiunt
223 3109 358 3183 utiliter
383 3106 502 3174 mantea
526 3106 581 3164 unt
607 3103 749 3163 decurtet.
792 3107 907 3178 Sponsa
936 3108 1038 3164 Henna
1065 3098 1193 3168 straus¹

118 3221 198 3260 nunc
216 3205 346 3256 maritata
369 3199 426 3267 agit
447 3197 553 3266 gratias
572 3211 625 3264 pro
644 3199 777 3251 munere.
812 3197 961 3254 Dominus
980 3204 1168 3269 tecum,'viu
1198 3275 1201 3282 Ι
1269 3195 1272 3202 ’

119 3295 201 3349 fortis
220 3304 247 3345 et
265 3291 344 3345 dono
360 3287 419 3344 Dei
438 3286 574 3338 invictus,

733 3427 773 3484 Τ.
791 3411 940 3489 Martinus
958 3431 1076 3489 Lutber
1092 3435 1134 3492 Ι).
1154 3444 1166 3492 ’,

118 3883 641 3918 ------·--——-‡-·-··

163 4000 316 4056 tristioris.
331 4010 390 4054 aot,
405 3997 532 4051 reclausit.
554 3993 556 3996 ⁴
