2616 4710
539 342 629 418 tata.
1048 332 1110 409 lat

91 480 297 574 tentarat.
773 499 802 522 ·’
842 451 1078 560 mmmm.

409 671 486 748 ,tlt
516 668 729 753 &palatia

143 842 244 895 sentit
256 842 295 890 ela
306 843 470 892 remaneant
482 844 594 898 &rideat
606 845 645 894 tet
656 842 791 897 mattea
804 851 835 891 aa
847 840 1023 902 damiatam.

107 1135 159 1186 hita
172 1137 308 1183 lluddeua
321 1137 414 1195 pins
427 1136 567 1194 Schlerel
580 1131 851 1192 vttspatattrmitaai
863 1130 1001 1184 natata
1013 1124 1110 1179 wald

55 1207 121 1254 xxi.
136 1211 194 1259 1³72.
219 1209 275 1258 llsslr
293 1211 365 1263 tetra
382 1211 423 1257 tat
441 1210 550 1265 orlaiaat
568 1209 602 1256 tat
620 1207 680 1255 cad.
693 1206 769 1253 chart
784 1207 827 1254 tn.
841 1203 886 1253 tal.
900 1202 960 1251 atel.
975 1201 1046 1250 Goth
1060 1208 1109 1250 att·

56 1283 153 1336 itiner.
233 1310 236 1316 ι

57 1453 246 1509 Clarissimo
263 1461 294 1509 et
311 1454 430 1526 optimo
448 1456 549 1524 Viro,
575 1455 620 1513 D.
636 1453 810 1529 Maqr‘strc
829 1450 968 1525 Georqa'o
986 1446 1110 1524 Spala-

122 1543 207 1612 tino,
232 1545 454 1601 Ecclesiae-um
471 1546 609 1604 Misnae
625 1543 807 1617 Impectori
830 1549 860 1595 et
879 1539 1031 1598 Parocbo
1045 1538 1112 1596 At.

123 1632 330 1708 tenburqensi
337 1635 549 1704 fidelissimo,
567 1651 626 1692 suc
632 1633 746 1707 fratri
761 1630 962 1689 charissimo.

56 1779 201 1881 Gratiam
226 1837 256 1881 et
278 1846 383 1901 pacem
408 1831 436 1886 in
459 1830 606 1888 Domino.
638 1808 695 1887 ⁴Mi
720 1829 882 1904 Spalatiae,
909 1826 936 1883 ai
960 1798 1109 1896 Principia

56 1918 151 1970 nostri
169 1918 317 1974 voluntate
340 1929 370 1974 et
387 1921 476 1991 jussu
501 1921 624 1977 arbores
646 1921 711 1977 illae
730 1919 803 1974 mihi
826 1915 1039 1974 acelsitudine
1055 1929 1112 1993 atta

57 2005 182 2060 donatae
208 2017 276 2062 sunt
301 2010 454 2079 venditae,
480 2027 547 2066 sum
572 2021 748 2078 contentus,
773 2009 798 2064 ai
821 2023 936 2089 secuta,v
953 2024 1013 2064 non
1037 2005 1112 2064 rada

57 2094 133 2150 bene
151 2113 199 2151 nte
217 2096 340 2153 haberet
355 2100 525 2156 inconsulto
542 2117 590 2154 me
607 2116 703 2155 meam
720 2116 784 2157 rem
806 2098 893 2155 rendi
910 2113 964 2170 per
986 2091 1112 2152 alienae.
1216 2098 1222 2109 ’

57 2185 202 2242 Moveret
219 2189 297 2242 enim
314 2190 533 2261 suspicionem,
557 2190 637 2262 quod
657 2201 686 2244 et
703 2189 752 2245 hic
775 2198 805 2245 et
821 2184 934 2260 ubique
950 2185 1128 2258 expertem

59 2293 147 2348 quam
166 2277 290 2346 maligne
315 2287 344 2333 et
367 2277 567 2335 fraudulenter
590 2279 757 2347 (nedicunt
776 2275 931 2345 furaciter)
952 2292 1008 2348 pro
1024 2286 1114 2342 inore

57 2381 114 2429 suo
126 2365 199 2418 mihi
213 2367 350 2435 reddant,
368 2384 444 2439 quae
463 2369 593 2440 optimus
607 2367 750 2439 Princeps
767 2379 798 2423 et
809 2364 932 2428 candide
948 2376 978 2421 et
989 2364 1113 2435 largiter
1162 2353 1165 2356 Δ

57 2455 157 2510 donat.
203 2455 352 2528 Quicquid
380 2457 427 2512 isti
455 2454 643 2528 peculatores
669 2443 818 2512 Praefecti
843 2455 931 2511 nobie
958 2443 1111 2525 theologie

56 2536 329 2611 reddere'debent,
356 2546 442 2617 plane
468 2545 613 2616 perditum
639 2555 758 2616 putant,
784 2555 814 2602 et
841 2545 876 2599 ad
899 2559 969 2603 auae
995 2548 1111 2615 rapinae

56 2636 202 2703 pertinere
227 2632 413 2689 arbitrantur.
445 2633 512 2704 Ego
536 2648 608 2688 eane
632 2634 778 2690 missurus
807 2650 886 2688 eram
914 2642 983 2705 poet
1006 2625 1112 2706 natalia

58 2723 167 2775 Christi
185 2738 280 2775 meam
306 2723 455 2792 propriam
471 2733 640 2790 vecturam,
665 2738 740 2797 quae
764 2733 950 2788 totc‘mense
973 2734 1112 2779 truncum

57 2821 128 2883 post
146 2821 284 2865 tritticum
300 2812 490 2870 atiZulstatf
502 2823 643 2868 vectaret.
676 2811 769 2868 Nunc
781 2812 851 2884 quid
868 2813 994 2868 faciam?
1029 2808 1111 2885 Quid

58 2916 177 2971 sperem
195 2900 224 2955 in
240 2902 343 2956 tuturo
360 2901 431 2956 mihi
449 2901 517 2955 aliae
535 2901 657 2955 arbores
674 2899 775 2956 donari
793 2902 945 2972 ignorante
959 2898 1109 2970 Principe,

58 3003 108 3042 aut
126 2999 185 3042 tam
196 2989 290 3043 bonas
307 2991 395 3043 etiam
407 2990 442 3042 de
457 3005 538 3043 novo
552 2989 755 3045 concedente?
789 2988 905 3043 Scilicet
923 3005 990 3044 meo
1009 2998 1110 3043 sumtu

58 3091 86 3133 et
99 3078 236 3132 adhibitis
249 3078 351 3134 amicis
361 3078 490 3134 selectae
503 3080 620 3133 luerunt
630 3079 762 3133 arbores.
790 3078 878 3132 Certe
890 3094 945 3148 ego
955 3076 1030 3148 apud
1044 3092 1110 3144 eoa,

58 3170 110 3241 qui
128 3169 340 3236 vendiderunt,
364 3170 434 3222 volo
453 3167 609 3238 requisitas
635 3168 707 3222 tales
725 3167 772 3223 vel
792 3167 903 3224 similes
928 3167 1067 3235 arbores,
1083 3166 1111 3232 ¹)

58 3278 94 3314 eo
108 3260 188 3329 quod
199 3275 268 3312 meo
287 3257 400 3327 injussu
417 3257 445 3311 id
458 3259 604 3310 iecerunt.
636 3256 686 3312 De
696 3257 843 3329 Principia
860 3257 1010 3312 voluntate
1021 3270 1112 3326 supra

58 3350 130 3404 dixi.
167 3349 247 3402 llaec
266 3349 320 3402 illis
338 3347 450 3418 poteris
464 3347 659 3416 respondere,
676 3349 715 3402 ita
731 3359 764 3402 ut
775 3364 832 3404 nec
844 3347 880 3401 de
893 3361 975 3401 nova
987 3347 1112 3402 caedant

56 3440 144 3506 alias,
162 3440 216 3492 nisi
234 3455 289 3507 ego
307 3437 470 3492 adhibuero
487 3438 618 3506 anticos,
637 3437 713 3492 sicut
724 3448 825 3494 antea.
848 3433 937 3496 Nihil
950 3436 1028 3490 enim
1046 3435 1110 3492 istie

56 3527 186 3600 harpyiis
198 3526 300 3582 credo.
334 3525 417 3582 Bene
429 3527 493 3582 vale
507 3525 535 3581 in
548 3525 694 3582 Domino.
728 3528 770 3582 12.
781 3524 925 3592 dacriani,
941 3522 1110 3583 ninxltt.

780 3656 821 3714 Τ.
837 3655 885 3714 Μ.
902 3653 1020 3713 Luther
1033 3654 1077 3712 D.

106 4016 127 4068 ll
143 4018 217 4064 certe
230 4021 275 4065 ele.
290 4020 347 4073 ithlt
360 4021 400 4072 bet
412 4020 499 4068 aude
