2730 4724
141 308 203 382 tte
622 311 712 384 tata.

46 514 49 519 .
140 467 213 529 dum
234 483 303 526 esse
320 469 511 539 consuluisti,
534 469 606 526 dum
623 471 708 529 aliam
725 470 804 529 viam
825 467 1000 538 tentaretis,
1024 483 1086 526 aec
1102 465 1191 527 adltac

140 558 261 615 emersi.
278 560 306 627 t)
339 559 453 615 Datum
469 560 515 615 die
532 560 561 617 S.
577 560 736 633 Thomna,
753 576 832 618 enno
848 557 1025 617 moun.

810 667 852 724 Τ.
869 663 1025 723 Mertinua
1041 664 1165 724 Lutlaer.

173 1033 216 1089 2⁵.
234 1028 429 1093 vetantes.
892 1025 1165 1093 N⁰.MMcw11.

480 1183 530 1253 ltu
550 1179 689 1265 sutus
709 1179 854 1265 uruat.

308 1338 549 1398 'sciscitaturum
563 1343 603 1394 aaa
616 1343 666 1391 uua
677 1341 738 1394 aare
749 1345 796 1388 tea
808 1339 837 1394 {t
850 1336 900 1394 it'l
911 1336 1017 1390 mattae

592 1492 726 1510 ῌ

199 1603 251 1654 ttut
264 1604 445 1656 actitasset
458 1604 618 1660 unartmdtrr
630 1607 777 1661 &stantuna
790 1605 809 1652 r.
821 1605 868 1655 ast.
881 1603 922 1657 ltu
935 1602 1056 1664 sulse
1067 1602 1087 1652 ι
1097 1603 1147 1668 ¹212

143 1738 288 1842 Gratiam
311 1795 342 1842 et
359 1803 473 1859 pacem,
486 1787 514 1846 in
533 1786 671 1856 Christo,
695 1787 745 1860 qui
770 1797 816 1843 est
835 1786 913 1841 salua
937 1791 969 1839 et
986 1783 1133 1842 solatium
1149 1799 1197 1838 uo.

142 1887 249 1944 strum,
268 1879 306 1931 mi
318 1878 406 1933 Jona.
442 1878 523 1955 Quid
536 1878 678 1947 scribam,
696 1893 821 1951 prorsus
833 1875 948 1942 nescio,
967 1875 1006 1930 ita
1023 1891 1077 1932 me
1089 1874 1198 1931 arabitas

143 1964 200 2022 iate
212 1984 298 2023 casus
310 1978 379 2023 tuus
391 1969 560 2041 prostravit.
588 1967 798 2027 suavissimam
809 1966 887 2022 vitae
897 1964 1013 2020 sociam
1024 1981 1087 2021 nos
1098 1977 1198 2020 omues

144 2042 307 2112 amisimus.
340 2056 413 2113 Erat
433 2056 507 2113 mihi
531 2075 592 2112 uon
614 2058 711 2114 solum
737 2055 844 2112 dilecta
866 2056 897 2111 in
919 2054 1070 2124 veritete,
1085 2040 1152 2111 'sed
1172 2060 1199 2108 et

124 2143 379 2215 'jucundissimus
402 2145 468 2216 ejus
484 2161 603 2218 semper
625 2155 763 2219 aspectus
786 2162 820 2199 sc
838 2144 943 2216 plenus
964 2142 1199 2209 consolationi⁸2

143 2244 282 2307 utquam
300 2251 355 2290 nos
374 2236 525 2295 ,sciremus
549 2235 647 2292 omnia
663 2245 764 2292 nostra
784 2237 847 2292 sive
866 2235 942 2289 bona
965 2234 1030 2290 sive
1048 2234 1128 2290 mele
1143 2248 1201 2290 noa

144 2336 235 2378 secus
248 2339 286 2387 ac
302 2340 355 2379 sua
372 2325 491 2397 propria
509 2327 587 2380 ferre
605 2336 636 2381 et
650 2324 779 2394 habere,
804 2327 916 2390 (amara
933 2334 1017 2378 certe
1037 2321 1200 2392 divulsio),

145 2430 235 2487 quam
254 2431 443 2487 speraveram
466 2425 497 2471 et
514 2417 589 2473 meis
607 2426 677 2490 post
693 2433 741 2472 me
763 2415 951 2488 superstitem
968 2415 1201 2471 consolatricem

145 2518 291 2560 summam
311 2515 340 2559 et
351 2505 476 2577 primam
493 2506 570 2577 iuter
586 2520 691 2563 omnes
703 2505 853 2562 mulieres.
887 2505 1001 2575 lugenti
1016 2504 1127 2562 dolore
1138 2520 1201 2579 per·

145 2609 253 2650 cussus
270 2603 354 2672 sum,
373 2596 443 2651 dum
460 2595 526 2665 ejus
543 2595 690 2650 recordor
705 2594 872 2652 suavissimi
889 2593 1015 2666 ingenii,
1041 2594 1200 2668 placidissi-

144 2699 265 2740 morum
289 2702 427 2754 morum,
453 2683 612 2740 fidelissimi
636 2685 748 2743 cordis.
781 2686 845 2741 Hos
868 2683 939 2739 mihi
961 2685 1112 2755 singultus
1129 2684 1200 2759 parit

70 2843 75 2859 ,
145 2775 323 2832 desiderium
349 2786 446 2830 tautae
462 2787 614 2831 matronae
631 2775 736 2877 pietatp
760 2787 789 2830 et
809 2776 980 2842 honestate,
1006 2777 1150 2848 pudicitie
1172 2784 1198 2831 et

144 2864 325 2922 humanitate
350 2865 629 2940 praestantissimae.
664 2863 744 2941 Quat
767 2863 817 2919 tibi
835 2867 940 2937 pariat,
968 2865 1058 2919 facile
1080 2881 1198 2939 possum

137 2957 286 3027 exemplo
303 2972 371 3009 meo
389 2955 556 3009 aestimare.
591 2953 669 3011 Caro
686 2954 737 3009 hic
754 2955 828 3009 nihil
844 2953 934 3010 habet
949 2955 1066 3024 solatii,
1092 2958 1127 3010 ad
1144 2956 1196 3028 spi.

144 3047 234 3117 ritum
262 3028 391 3099 eundum
419 3055 483 3111 est,
511 3043 592 3115 quod
621 3044 700 3100 felici
725 3059 871 3117 percurau
894 3059 950 3099 nos
975 3047 1144 3116 praecessit
1166 3043 1196 3098 ad

144 3149 231 3202 eum,
260 3134 310 3205 qui
334 3149 389 3188 nos
413 3145 519 3188 omues
542 3131 681 3201 vocavit,
702 3145 733 3189 et
755 3135 791 3189 ad
815 3149 883 3190 sese
908 3149 1030 3206 quoque
1056 3136 1194 3209 perducet

142 3221 218 3278 hora
235 3240 287 3277 sue
305 3222 388 3277 beata
405 3238 445 3277 ex
462 3221 519 3276 hac
536 3221 654 3276 miseria
671 3223 701 3277 'et
716 3223 823 3276 malitia
838 3223 957 3291 mundi,
980 3225 1092 3281 Amen.
1127 3226 1194 3281 Inte.

142 3312 199 3368 rim
217 3324 247 3365 tu
265 3314 329 3379 sic,
347 3328 477 3384 quaeso,
495 3311 596 3367 doleas
614 3313 699 3377 (nam
716 3327 804 3367 cauea
822 3309 941 3377 subest)
950 3352 961 3380 ,
978 3323 1013 3369 ut
1028 3315 1192 3371 memineris

141 3401 318 3456 christianae
337 3398 454 3456 nostrae
472 3401 640 3457 communis
658 3401 766 3468 sortis,
783 3401 849 3473 qui,
867 3412 932 3457 utut
948 3403 1118 3461 secundum
1135 3423 1192 3460 car-

139 3508 210 3546 nem
236 3491 392 3549 durissima
417 3489 582 3545 divulsione
608 3485 780 3558 dividimur,
812 3500 908 3546 tamen
941 3492 970 3547 in
1004 3494 1084 3549 illam
1110 3496 1190 3551 vitam

95 3566 98 3571 ’
140 3578 315 3634 suavissima
333 3580 404 3633 olim
422 3577 634 3648 conjunctione
652 3594 708 3633 nos
724 3578 891 3634 videbimus
903 3581 1061 3652 copulatos
1080 3595 1112 3640 et
1127 3600 1190 3640 coo·

138 3679 275 3740 gregatos
288 3670 316 3723 in
328 3685 421 3724 uuum
433 3669 529 3737 illum,
550 3669 600 3742 qui
614 3668 658 3724 sic
670 3682 726 3724 uos
739 3668 856 3736 dilexit,
873 3682 905 3725 ut
920 3672 1043 3747 proprio
1056 3675 1188 3746 sanguiue

186 3918 211 3969 a,
231 3919 255 3966 u.
267 3917 390 3967 artuum
405 3919 450 3965 nte
462 3918 596 3968 estuanti
611 3919 675 3970 tuan
688 3927 718 3965 aa
731 3918 769 3966 ter
782 3919 816 3966 tn
829 3919 949 3974 (statuum
962 3920 1185 3974 matemautensem

33 4033 37 4042 .
135 3989 241 4044 metit:
255 3991 338 4040 wiser
350 3991 386 4039 tlt
398 3991 479 4045 Saltu
491 3993 538 4038 nat
551 3992 601 4045 tute
614 3992 699 4048 statu.
