2616 4710
603 361 695 438 1538.
1118 377 1178 442 tot

118 524 200 584 Nam
224 523 251 583 ei
274 531 345 587 tunc
360 528 431 583 'non
452 524 546 582 valuit
569 536 673 582 contra
698 541 767 582 eum
788 525 815 586 1)
840 524 1179 604 inhibitioimperialis,

119 632 175 671 cur
185 633 248 672 non
259 616 354 672 valeat
365 634 421 688 pro
433 619 491 673 eo?
525 616 600 684 Sed,
617 616 738 685 ordini,
756 632 818 672 non
830 617 938 688 oredo,
956 618 1069 677 oblitos
1085 606 1180 679 luisse

120 715 245 762 nostros
267 706 359 779 hujus
384 706 584 779 imposturae,
609 706 664 761 nisi
691 708 819 764 fortasse
843 719 995 764 reservata
1021 722 1067 765 est
1089 713 1181 781 gloria

122 797 209 853 istius
233 796 434 870 Apocalypsis
463 796 641 852 enarrandae
664 797 689 860 2)
720 796 855 853 Lnthero
883 813 954 855 cnm
981 799 1180 856 additionibus

120 886 232 957 dignis,
249 885 275 942 si
287 885 408 942 vixerit.
443 885 512 954 Tu,
530 886 642 959 siquid
660 884 753 941 habes
770 885 863 957 hujus
879 885 923 942 rei
938 899 1074 955 certum,
1092 889 1182 959 signi.

122 975 187 1031 fica.
221 975 308 1036 Nam,
320 973 398 1031 sicut
414 990 470 1030 oro
482 975 586 1031 Deum
604 987 709 1032 contra
727 976 797 1032 illud
808 973 837 1043 ³)
860 987 1030 1048 portentum
1046 977 1181 1034 Pharao.

121 1057 282 1133 nicnmrl)
299 1065 337 1121 ita
348 1057 378 1132 5)
395 1063 470 1120 nihil
487 1065 574 1122 audio
591 1058 747 1134 libentius,
765 1081 854 1140 quam
866 1065 1014 1138 judicium
1030 1067 1090 1122 Dei
1108 1085 1182 1138 con,

123 1165 168 1212 tra
185 1157 295 1228 ipsum.
328 1154 421 1238 Valde
437 1154 518 1211 enim
536 1155 646 1212 resistit
662 1166 692 1212 et
707 1163 798 1212 nocet
812 1153 972 1214 Ecclesiae
989 1172 1042 1211 vas
1059 1158 1140 1216 istud
1152 1152 1189 1232 ⁶).

125 1246 187 1302 irae
203 1253 234 1303 et
250 1246 384 1319 peccati,
405 1263 464 1302 nec
480 1262 537 1302 oro
554 1263 610 1318 pro
628 1263 676 1310 eo,

188 1376 276 1433 Satan
292 1375 429 1449 proxima
447 1374 607 1431 Dominica
624 1374 753 1431 ostendit
770 1373 876 1445 nobis,
899 1374 945 1433 sio
962 1375 1133 1435 admittente
1149 1370 1183 1444 7)

125 1467 217 1534 neo,
244 1465 435 1524 securitatem
456 1476 608 1534 nostram,
637 1474 666 1519 et
691 1465 794 1522 docuit
818 1465 997 1536 vigilandum
1025 1475 1056 1521 et
1082 1456 1185 1524 sobrio

125 1557 290 1612 vivendum
307 1570 384 1612 esse.
417 1554 497 1613 Nam
513 1554 634 1611 caedem
652 1554 715 1610 lieri
734 1555 849 1629 impulit
865 1571 921 1628 per
935 1554 1105 1623 hominem,
1126 1541 1185 1612 do’.

127 1663 187 1702 nec
205 1644 324 1703 sobrius
341 1654 418 1714 erat,
436 1645 539 1722 quavis
556 1661 614 1699 ove
632 1643 841 1715 placidiorem,
857 1643 910 1700 aed
927 1643 999 1699 dnm
1016 1655 1105 1717 potua
1121 1645 1185 1716 luit,

128 1734 260 1792 bellator
274 1746 343 1792 erar.
375 1736 406 1791 Is
424 1734 578 1807 aliquoties
595 1750 680 1790 meae
691 1731 809 1791 Kethae
825 1734 1029 1807 mercenarius
1047 1735 1102 1802 linit
1116 1735 1187 1792 satis

130 1826 256 1898 deligens
278 1836 308 1881 et
328 1823 438 1882 bonus.
476 1823 661 1881 Misereatur
682 1824 748 1896 ejus
773 1822 879 1894 Deua,
895 1835 935 1881 ⁴et
959 1823 1105 1881 custodiat
1129 1839 1186 1882 noe

131 1929 240 1972 omnes
258 1925 360 1972 contra
376 1917 554 1973 tentationes
569 1914 690 1970 Satanae
710 1927 764 1986 per
780 1911 934 1970 Christum
948 1913 1117 1971 Dominum
1134 1931 1189 1971 no.

131 1995 256 2073 etnim,
271 2009 380 2061 Amen.
414 2004 491 2060 ilinc
507 1997 538 2072 8)
564 2006 641 2061 forre
664 2005 741 2060 fama
758 2002 868 2059 advos
885 2004 959 2060 leret
976 2019 1043 2059 esse
1063 2003 1191 2071 Lulheri

129 2094 290 2152 ramulum:
316 2087 400 2162 stol)
422 2095 452 2150 in
468 2094 528 2150 hoo
543 2093 618 2150 urbe
635 2103 701 2150 toto
716 2092 763 2150 die
779 2092 956 2164 jactabatur.
990 2093 1188 2166 Effingitsane

130 2183 274 2256 lacrymis
297 2185 385 2241 uxori
407 2183 596 2252 valedicens,
620 2183 730 2240 relictis
753 2181 851 2240 tribus
873 2183 974 2257 pueris
999 2200 1069 2240 oum
1094 2197 1189 2243 matre

130 2273 329 2347 pauperrima.
362 2275 419 2331 Sed
437 2275 530 2331 rideat
547 2273 593 2331 sic
610 2273 696 2329 Satan
713 2274 742 2328 in
761 2273 872 2330 nostris
892 2273 1038 2332 miseriiss
1059 2273 1114 2332 sed
1133 2291 1190 2332 vae

130 2362 224 2420 vobis
231 2404 241 2433 ,
264 2362 357 2437 inquit
373 2364 418 2420 ille
431 2363 546 2435 judex,
569 2364 619 2437 qui
638 2364 757 2432 ridetis,
781 2364 957 2420 montinneio
976 2363 1189 2422 calamitatibus

129 2453 278 2521 aliorum,
304 2453 385 2524 quod
410 2461 458 2509 est
479 2453 597 2509 Satanae
624 2466 653 2510 et
669 2452 792 2527 Epicuri
815 2452 960 2511 Halleneis
986 2465 1016 2511 et
1038 2455 1191 2512 similium.

129 2543 197 2599 Hos
210 2543 288 2598 enim
295 2542 372 2598 risus
389 2552 419 2598 et
431 2545 515 2600 lusus
527 2543 712 2599 Herodianos
724 2543 861 2599 nimirum
870 2543 1005 2599 Christus
1019 2544 1150 2615 intelligit
1159 2552 1190 2602 et

131 2631 295 2703 intelligere
311 2649 369 2689 nos
386 2640 509 2705 quoque
526 2633 628 2689 voluit.
661 2633 789 2689 Flebunt
804 2634 924 2689 tandem
930 2673 939 2701 ,
959 2641 1118 2706 postquam
1135 2650 1190 2689 no.

134 2734 195 2779 stra
219 2722 334 2778 tristitia
358 2723 386 2779 iu
411 2723 550 2795 gaudium
575 2739 664 2780 versa
688 2724 787 2779 fuerit.
804 2722 842 2790 ¹⁰)
875 2723 986 2792 Brevi,
1014 2723 1040 2778 si
1057 2724 1190 2794 licuerit,

131 2811 227 2884 plora.
261 2810 343 2868 Nam
360 2812 396 2867 ad
411 2812 466 2869 has
483 2823 544 2868 tam
559 2813 692 2884 prolixas
719 2824 751 2867 tu
773 2823 831 2867 tam
855 2813 950 2868 laetus
972 2821 1002 2867 et
1024 2813 1142 2885 quietus
1159 2807 1189 2870 in

131 2901 272 2976 opulenta
290 2916 363 2973 pace
376 2901 488 2957 Christi
506 2902 601 2974 (quod
615 2902 689 2956 mire
702 2901 753 2956 tibi
766 2902 867 2968 faveo)
884 2900 958 2957 mihi
976 2902 1080 2958 decem
1097 2902 1188 2959 debes

131 2992 313 3065 prolixiores
340 2992 389 3047 vel
415 3004 574 3047 sexcentas
600 2991 709 3064 potius.
742 2990 814 3048 Vale
839 2994 869 3049 ln
889 2991 1036 3049 Domino.
1070 2994 1112 3050 ll.
1133 2993 1189 3053 Fe.

132 3080 262 3152 brunsii,
286 3098 366 3140 anno
383 3080 618 3159 Mnxnxvlll.

792 3210 846 3282 ¹T·
862 3213 1010 3279 Martinus
1028 3219 1155 3279 Luther.

182 3834 204 3885 t)
218 3831 244 3876 c.
254 3831 339 3881 sats.
353 3829 437 3887 ipsum.
474 3830 497 3884 2)
513 3829 538 3876 c.
548 3831 575 3876 G.
586 3831 631 3877 lss.
644 3828 822 3888 apocalypseos
837 3821 1002 3888 explicandae.
1028 3830 1056 3875 Α.
1070 3853 1095 3867 -
1108 3827 1184 3876 letlue

129 3903 365 3960 dicodd.li.islud.
398 3902 759 3961 lte.e.tss.A.pnarlaatcona
796 3902 1011 3954 stamineo.
1043 3901 1184 3956 simillud.

121 3981 154 4031 ,7)
174 3980 238 4029 Μ
256 3979 315 4024 cod.
330 3980 357 4023 6.
372 3979 419 4026 186.
444 3978 504 4026 uati.
521 3976 676 4023 admonente.
722 3980 746 4026 s)
764 3979 793 4022 Α.
812 3977 883 4026 horto.
931 3979 955 4031 9>
972 3976 997 4025 c.
1011 3979 1039 4025 li.
1052 3979 1097 4028 lli.
1115 3976 1183 4024 elcut.

128 4055 164 4106 lo)
178 4054 204 4101 c.
219 4054 248 4101 ὓ.
261 4055 306 4102 185.
326 4052 342 4105 i
360 4051 438 4099 lietha
451 4063 505 4101 mea
517 4053 542 4099 te
556 4045 699 4099 reverenter
711 4050 806 4098 salutat.
