2730 4724
143 347 206 420 tot
625 345 716 415 tstt.

128 454 148 562 Δ,
221 505 344 566 Sebost.
362 507 509 579 Hellero,
528 505 731 564 Cancellorio
747 502 1121 580 Manainnuoeorqil

143 625 197 744 G·
216 679 246 724 et
261 668 298 726 P.
326 669 449 726 usnam
467 680 497 725 et
515 670 707 727 illustrissimi
722 668 872 744 Principis
883 668 1076 725 Marcblocis
1093 674 1189 722 ettoaa

142 759 305 814 sententiae
330 760 367 813 de
390 759 541 815 mittendis
565 775 653 830 quem
679 759 809 832 primum
834 758 952 813 auxiliis
978 759 1009 812 in
1035 754 1191 814 Pannonias

143 837 409 918 obtemperandum
427 847 516 904 esset.
551 847 644 920 Saepe
661 860 850 904 caeterorum
872 842 1135 921 tergiversationes
1149 859 1195 899 re.

141 926 269 993 hemens
299 936 489 1010 reprehendi.
533 937 650 993 Utinam
679 938 758 993 enim
785 939 881 994 nostri
909 938 939 993 io
962 953 1041 992 vera
1063 930 1194 1006 religione

142 1020 236 1095 firmi,
263 1039 290 1082 et
308 1028 337 1082 in
354 1028 484 1099 politicis
503 1027 606 1083 officiis
630 1027 834 1100 obsequentes
859 1036 976 1083 essent:
1003 1026 1080 1082 haec
1103 1035 1196 1080 essent

139 1116 284 1188 heroica,
300 1118 460 1174 Dauidica:
478 1118 531 1173 sed
548 1135 604 1174 nos
621 1135 681 1172 non
698 1118 843 1174 audimus.
852 1114 879 1184 ¹)
914 1115 984 1173 Etsi
1002 1128 1103 1172 autem
1118 1113 1196 1171 temi-

139 1206 208 1264 bilis
237 1218 281 1263 est
307 1207 457 1278 expeditio
483 1206 629 1276 Tomisa,
657 1217 755 1262 tamen
782 1223 844 1262 non
877 1206 1052 1276 frangamur
1077 1205 1195 1272 animis,

140 1290 283 1352 iaciamus
308 1297 434 1354 officium
462 1296 490 1351 in
513 1298 603 1353 armis
627 1308 655 1353 et
681 1297 711 1352 in
731 1293 849 1368 publica
871 1293 1110 1367 gubernatione,
1132 1291 1195 1367 quia

139 1384 226 1442 Deus
251 1399 333 1440 certo
359 1396 590 1459 conservaturus
613 1395 661 1441 est
686 1384 822 1457 reliquias
845 1400 934 1440 verae
951 1382 1119 1441 Ecclesiae.
1152 1384 1195 1439 stc

139 1474 236 1547 inquit
246 1472 420 1546 'Prophetas
446 1473 559 1529 Estote
566 1471 677 1544 form
700 1480 736 1528 el·
738 1472 844 1545 facite
861 1471 1021 1544 officium,
1046 1480 1077 1529 et
1092 1473 1194 1529 aderit

138 1564 230 1621 Deus
254 1561 353 1619 bonae
377 1580 505 1620 coucsoe.
545 1563 665 1619 Deinde
689 1575 720 1621 et
744 1564 821 1619 aliud
846 1563 965 1633 cogito,
983 1582 1060 1621 oon
1084 1578 1193 1620 testare

139 1656 272 1727 quintam
288 1653 503 1710 monarchiam.
538 1653 611 1708 ldeo
629 1646 683 1708 etsi
701 1664 803 1726 carpet
815 1669 872 1708 nos
888 1650 1040 1709 barbaries
1052 1653 1192 1721 Tareina,

137 1756 236 1801 tomen
254 1759 465 1817 oppressuram
477 1760 530 1799 sua
548 1742 749 1798 dominatione
765 1741 820 1797 has
831 1743 965 1798 nationes
981 1759 1046 1799 non
1063 1742 1192 1800 arbitror.

136 1835 219 1891 llaec
244 1852 299 1907 pro
316 1845 418 1891 nostra
442 1833 654 1901 familiaritate,
678 1849 754 1904 quae
777 1822 899 1889 utboni
922 1834 1084 1901 consulas,
1110 1849 1189 1902 rogo·

136 1922 317 1996 Gregorium
332 1926 533 1981 Burmannum
550 1923 602 1979 tibi
616 1922 809 1980 commendo:
828 1924 854 1979 is
865 1922 1014 1993 narrabit,
1030 1924 1093 1980 Dei
1106 1919 1189 1980 bene·

135 2015 206 2072 ticio
232 2032 370 2084 socrum,
396 2015 640 2070 honestissimam
655 2024 839 2082 matronam,
863 2024 947 2068 recte
965 2011 1078 2084 valere,
1099 2015 1187 2091 ,nm

134 2106 212 2163 vale.
244 2105 306 2161 Die
323 2099 349 2160 d.
367 2103 512 2173 Octobr„
529 2101 686 2158 MDXLI.
705 2102 709 2108 '

272 2197 277 2207 ·
456 2188 460 2195 ³
779 2192 783 2199 ·
825 2164 867 2224 Τ.
884 2164 978 2225 Meet.
994 2166 1157 2227 Lotheroa.

148 2495 245 2584 ‚sii
261 2504 329 2565 len
346 2508 388 2563 ss.
405 2500 566 2566 Detulit.
582 2498 613 2570 ⁸)
720 2537 721 2540 =
895 2496 953 2560 ut.
969 2496 1155 2561 MMxxW.

275 2640 323 2709 sn
346 2635 533 2716 sinistis
555 2633 710 2714 bineli
734 2630 865 2715 blance
885 2635 919 2705 it
940 2634 1058 2718 bullit.

210 2779 310 2834 vitelas
323 2779 373 2827 elne
385 2775 538 2830 ilononlithe
550 2773 737 2831 ttnnetentnlett.
762 2775 820 2829 sset.
833 2775 880 2825 uie.
891 2780 915 2824 a.
927 2777 949 2824 s
961 2776 1033 2829 saell
1047 2777 1118 2827 tm,

486 2848 527 2895 lv.
538 2847 581 2900 uu
600 2843 834 2895 llublllclixllll'.

589 2966 731 2981 —

152 3058 154 3064 '
240 3067 292 3116 ltus
305 3064 486 3120 attitulari
499 3061 659 3120 stimuum
672 3063 819 3120 &annium
833 3067 873 3118 its
886 3064 999 3124 &diae
1012 3066 1031 3114 1.
1044 3069 1093 3117 tm.

140 3188 195 3279 G·
215 3244 244 3287 et
259 3231 296 3288 P.
330 3231 449 3299 Miror,
474 3230 516 3285 mi
542 3230 726 3300 Augustino,
751 3247 807 3287 cut
830 3247 890 3286 non
915 3231 1034 3288 miseris
1059 3232 1089 3288 in
1113 3235 1184 3288 tanto

141 3335 277 3393 tempore
295 3337 404 3377 census
416 3319 586 3390 wolfgangi
605 3320 680 3389 mei,
698 3337 759 3376 non
771 3324 853 3393 quod
864 3323 900 3377 de
914 3321 970 3376 fide
988 3334 1037 3378 tua
1052 3323 1187 3386 dubitem,

143 3414 195 3468 sed
222 3410 302 3483 quod
327 3410 420 3466 nolim
443 3408 627 3482 Quaestores
652 3409 707 3463 frui
737 3411 880 3482 pecunia,
913 3411 965 3482 qui
990 3412 1102 3484 alioqui
1126 3409 1188 3466 satis

129 3502 272 3561 lelioiter
295 3501 392 3555 solent
414 3513 561 3567 exsugere
586 3497 761 3570 Principes,
789 3510 819 3554 et
844 3516 896 3569 ea,
920 3516 996 3571 quae
1021 3501 1189 3576 Principum

124 3586 127 3593 ’
147 3601 225 3647 sunt.
259 3590 339 3647 Nam
357 3600 406 3644 tua
422 3605 510 3643 causa
527 3587 598 3644 nihil
616 3604 676 3641 non
693 3598 876 3659 pateremur,
900 3588 953 3646 sed
970 3591 1033 3656 sic,
1051 3604 1085 3648 ut
1104 3589 1190 3648 cousi.

147 3681 219 3735 lium
236 3690 321 3734 tuum
337 3678 477 3732 sciamus.
512 3675 613 3751 Quare
630 3676 656 3730 si
674 3688 706 3730 tu
722 3694 784 3733 non
802 3687 888 3749 potes
905 3680 1039 3748 mittere,
1063 3698 1151 3750 cura,
1164 3689 1190 3733 ttt

199 3869 220 3914 tl
234 3862 308 3914 tsuu
320 3857 437 3911 audinus.

162 3966 378 3988 μ...-

200 4025 224 4080 ·)
239 4022 297 4080 sset.
310 4023 331 4070 t.
345 4021 401 4077 tots
413 4020 458 4075 lsi.
