2616 4710
632 344 724 415 tstt.
1140 333 1204 410 ³95

122 491 347 565 ‚dimitterem
372 502 548 573 praesertim
570 519 642 558 cum
664 505 699 560 ad
723 510 767 560 tot
787 501 888 559 literas
911 509 976 558 tuas
1001 517 1062 557 nnn
1078 511 1204 570 respon·

132 584 247 640 deritn.
283 586 327 643 Et
345 594 475 660 primum
492 593 598 661 gratias
616 611 670 663 ago
689 611 743 663 pro
759 593 936 648 novitatibus
955 591 1030 660 tuis,
1049 605 1123 664 quas
1140 603 1203 644 non

131 688 249 731 omnes
269 678 421 735 hactenus
439 683 548 738 audiri.
580 681 654 737 Misi
676 695 739 738 tuas
765 683 861 737 literas
887 682 915 737 in
933 697 1048 750 castra,
1072 677 1202 734 maxime

126 758 217 829 ideo,
231 778 264 818 ιιι
279 767 392 834 legant,
410 787 486 840 quae
500 770 578 825 tude
592 772 770 840 llloguntino
788 771 904 827 diabolo
923 771 1073 825 admones.
1100 766 1202 822 Audin

126 865 228 914 sane,
256 854 312 919 agi
325 860 491 926 practicam
515 861 642 930 aliquam
666 861 744 915 inter
758 873 894 915 nostrum
916 871 946 914 et
970 860 1062 914 illum.
1096 855 1202 912 Oratio

120 939 219 1009 luvet
239 959 322 1012 nos,
341 947 420 1000 sicut
439 960 506 1002 ante
524 959 553 1004 et
570 949 727 1004 hacteuus.
760 949 828 1015 Nos
843 963 920 1004 nova
938 938 1039 1019 ptrum
1056 946 1201 1000 audimus.

125 1027 184 1084 Ex
197 1030 355 1101 Huugaris
375 1048 474 1090 taines
491 1038 646 1105 scribitur,
662 1049 782 1092 nostros
795 1038 925 1091 vicissim
945 1037 1099 1108 diripuisse
1116 1033 1202 1105 oppi-

123 1118 206 1183 dum
219 1121 338 1177 ‘l'urcis
357 1135 389 1180 et
401 1125 527 1194 Ungaris
546 1128 719 1182 adversariis
732 1127 869 1200 plenum,
888 1138 917 1180 et
934 1126 1030 1197 ipsum
1044 1136 1201 1197 tyranuum

122 1209 301 1266 adventare
321 1214 487 1270 incredibili
506 1218 651 1270 exercitu.

199 1315 256 1369 De
274 1319 390 1387 privata
408 1337 475 1373 mea
494 1339 542 1388 re,
561 1333 590 1376 ut
608 1323 722 1389 rideas,
739 1331 767 1375 rt
784 1321 926 1390 gaudeas,
943 1319 970 1373 id
989 1328 1034 1373 est
1051 1316 1121 1373 Deo
1137 1332 1202 1385 gra.

120 1401 185 1458 tias
205 1421 298 1474 agas,
317 1420 348 1463 et
361 1426 418 1480 pro
429 1427 478 1464 me
492 1429 572 1466 ores.
605 1412 716 1466 Rosina
729 1428 811 1476 mea,
829 1411 875 1464 illa
891 1410 1003 1481 pudens
1015 1407 1201 1476 virguncula,

121 1492 260 1553 dimissa
278 1508 325 1552 est
339 1515 355 1550 a
369 1515 435 1565 me,
453 1512 589 1555 scortum
606 1501 837 1571 impurissimum
856 1502 981 1553 inventa.
1016 1497 1088 1551 Non
1102 1504 1204 1566 potest

122 1582 187 1639 dici
205 1602 270 1640 nec
288 1588 400 1651 scribi,
427 1601 569 1660 quantum
587 1591 749 1658 designarit
770 1590 941 1658 flagitiorum
952 1626 961 1654 ,
988 1586 1073 1640 nobis
1090 1584 1202 1639 dormi„

121 1675 270 1733 rantibus
284 1690 315 1730 et
327 1677 559 1734 conlidentibus.
593 1680 679 1734 Deus
692 1680 746 1733 fuit
758 1692 861 1733 custos
876 1679 981 1732 domus
995 1690 1085 1732 meae.
1117 1672 1203 1733 Nihil

123 1762 176 1819 est
195 1764 348 1822 Thomas
366 1768 532 1823 Mantieldt
558 1770 586 1822 in
612 1769 674 1824 suis
691 1771 790 1839 parvis
814 1767 995 1836 logicnlibus.
1028 1764 1095 1835 Ipsa
1112 1764 1203 1832 magi.

123 1862 191 1908 stra
219 1855 330 1911 docuit
347 1873 399 1910 me
419 1873 507 1926 parva
530 1859 680 1926 logicalia:
705 1859 846 1915 meretrix
873 1857 927 1910 erit
946 1856 1047 1923 virgo,
1071 1865 1101 1908 st
1117 1853 1202 1922 virgo

124 1942 184 2000 luit
202 1945 370 2000 meretrix.
407 1952 474 2013 Ago
492 1947 597 2015 gratias
620 1946 705 2010 Deo,
724 1962 770 1998 me
789 1946 939 2012 ignorasse
957 1943 1070 2000 omnia:
1090 1940 1202 2010 alioqui

126 2031 159 2087 in
186 2050 259 2089 eam
288 2034 441 2088 furentior
464 2051 640 2105 peccassem
667 2034 784 2104 aliquid.
818 2032 887 2089 Nec
913 2033 1023 2088 Rosius
1047 2032 1118 2098 luit,
1141 2028 1203 2089 ¹uisi

127 2120 203 2177 ficto
224 2123 369 2177 nomine.
402 2122 501 2190 Abiit,
520 2122 608 2188 abiit,
626 2123 799 2185 benedictus
817 2122 921 2190 Deus,
938 2136 1076 2189 magnum
1092 2119 1204 2173 malum

130 2226 168 2265 ex
189 2213 290 2266 domo
309 2228 398 2278 mea,
425 2212 477 2281 qui
496 2212 637 2281 deinceps
654 2227 701 2264 me
719 2212 880 2276 custodiat,
904 2223 933 2266 et
952 2213 1056 2266 saltem
1072 2224 1141 2265 sero
1156 2223 1204 2262 ss.

131 2301 269 2372 pierttem
289 2302 405 2363 faciat,
422 2312 468 2354 tot
486 2300 632 2368 exemplis
646 2299 785 2370 pessimis
802 2300 902 2354 ictum.
938 2300 1008 2354 Vale
1026 2299 1055 2353 in
1066 2296 1203 2356 Domino

133 2405 203 2444 cum
222 2391 287 2445 tuis
307 2387 465 2458 omnibus.
500 2388 566 2443 Fer.
582 2390 609 2440 3.
627 2398 697 2456 post
713 2386 863 2454 Barthol,
880 2388 1028 2451 MDXLI.

839 2490 989 2546 Martinus
1006 2487 1171 2546 Lutherus.

163 2829 189 2884 s.
207 2821 445 2893 eratenim.
940 2814 997 2871 Nl.
1014 2811 1171 2871 MMxvl.

492 2968 542 3036 tlt
564 2961 703 3046 Salat
723 2959 864 3042 Stant.

470 3122 521 3173 ein
534 3120 639 3172 meluens
655 3117 799 3168 inuitatur
811 3115 888 3167 murt.

604 3250 744 3265 μ

187 3355 247 3406 ital
263 3349 460 3404 insiluisti
472 3345 632 3403 anselmum
645 3346 790 3397 eammtuna
803 3345 821 3390 tt
830 3346 877 3392 239.
890 3345 931 3397 im
943 3345 1053 3404 &diret
1065 3345 1083 3394 l.
1096 3348 1143 3400 πει.
1215 3418 1221 3426 ·

130 3489 285 3588 Gratiam
300 3541 333 3586 et
346 3545 467 3603 pacem.
501 3524 599 3581 Semel
610 3522 717 3592 gratias
730 3537 784 3590 ago
797 3539 851 3592 pro
864 3532 908 3579 tot
921 3523 979 3577 tuis
992 3522 1077 3579 donis
1088 3527 1207 3603 missis,

127 3624 218 3686 runo,
245 3622 357 3694 pomis
376 3632 408 3672 et
426 3618 509 3681 aliis,
531 3614 620 3684 idque
639 3610 733 3676 lucio,
756 3620 788 3663 ut
804 3610 945 3683 deluceps
964 3612 1041 3666 liber
1056 3615 1112 3670 sim
1129 3620 1207 3692 apud

126 3719 172 3781 te,
200 3729 242 3766 nc
263 3710 365 3764 toties
383 3705 458 3760 mihi
477 3704 562 3773 pigro
585 3710 634 3753 aut
649 3697 854 3765 scribendum,
879 3711 927 3754 aut
944 3703 1052 3770 gratiae
1076 3712 1208 3776 agendae

123 3802 203 3865 sint,
223 3797 361 3871 quoties
382 3804 414 3847 tu
433 3808 504 3844 acer
521 3802 552 3842 et
568 3787 652 3842 sortis
670 3785 776 3839 scribis
794 3797 840 3839 aut
852 3789 951 3844 mittis.
986 3786 1053 3847 N'os
1068 3796 1118 3852 hic
1135 3819 1208 3873 pau.

118 3906 219 3965 peres
237 3886 403 3947 ludimus,
423 3881 494 3931 dum
508 3893 564 3929 vos
576 3876 681 3927 divites
693 3873 868 3928 meditamini
885 3879 925 3941 (si
938 3883 1097 3942 meministi
1113 3888 1209 3963 hujus

116 3993 241 4037 versus
261 3967 472 4033 atexandri).
506 3965 661 4020 Caeterum
683 3976 811 4018 uxorem
827 3974 907 4022 marn
923 3968 1013 4028 toties
1031 3989 1210 4047 oxomum
