2616 4710
502 339 520 429 g
604 331 695 408 isto.
1117 336 1178 408 ru

122 492 312 568 λδγόιιιιχῐας,
331 496 454 553 inutiles
464 495 631 554 civitatibus
643 506 674 551 et
683 496 762 552 vitae
772 497 947 567 bominum,
965 496 1094 570 ideoque
1112 497 1183 554 dant

122 601 258 656 oneum,
275 595 306 641 ut
323 587 538 659 quoquomodo
558 588 789 655 evolvautsese,
809 587 887 644 sicut
906 586 1007 643 labrax
1024 588 1070 654 (i)
1087 587 1181 660 sisois

122 685 285 747 postquam
301 676 417 730 voravit
430 676 563 744 hamum,
581 687 678 732 tamen
691 677 786 731 evadit
799 676 924 750 sibiipsi
937 677 1130 744 salutans,
1146 687 1182 733 ut

122 764 161 819 ab
180 763 273 818 hamo
297 781 329 820 se
353 766 473 822 avellatt
501 776 598 820 tamen
616 765 725 820 horum
744 766 890 836 judicium
912 766 984 821 nibil
1009 765 1045 820 ad
1070 781 1127 820 uos
1152 773 1182 822 et

121 852 292 910 Ecciesiam
309 857 452 929 pertinet,
470 866 600 910 vestram
616 855 856 923 suffragationem
872 856 1059 928 quaerimus,
1081 865 1111 910 et
1126 870 1184 912 vo·

122 942 242 999 biscum
261 960 426 1014 congruere
441 944 610 1003 voluntates
621 944 780 1000 Ecclesiae
796 955 914 999 vestrae
929 961 990 1000 non
1002 944 1182 1000 dubitamus.

124 1031 265 1094 Maxime
274 1043 374 1091 amem
386 1034 548 1105 optandum
560 1043 624 1102 est,
642 1045 673 1088 ut
684 1033 865 1102 concordia,
885 1049 961 1106 quae
973 1034 1028 1089 luit
1038 1033 1184 1091 hacteuus

121 1122 204 1178 inter
221 1135 356 1179 nostram
373 1133 402 1178 et
419 1134 548 1178 vestram
565 1121 752 1190 Ecclesiam,
770 1123 809 1179 sit
824 1133 975 1197 perpetua.

190 1243 304 1300 Totam
329 1255 425 1300 autem
442 1243 686 1300 deliberationem
702 1261 758 1301 uos
780 1244 900 1318 quidem
923 1244 953 1300 in
978 1243 1032 1300 tria
1047 1243 1185 1309 membra

123 1334 222 1407 partiti
247 1351 362 1391 sumus.
394 1337 457 1390 Aut
480 1346 580 1407 petent
602 1335 630 1390 in
649 1336 783 1391 doctriua
805 1335 914 1407 aliquid
932 1335 1055 1404 mutari,
1078 1346 1128 1393 aut
1151 1334 1185 1399 itt

122 1424 259 1480 externis
277 1424 367 1480 rebus
386 1425 583 1490 necessariis,
600 1436 650 1480 aut
667 1424 696 1480 in
714 1425 845 1481 externis
862 1439 986 1497 prorsus
1004 1423 1185 1500 adiaphoris.

123 1514 177 1571 De
195 1515 327 1569 doctrina
345 1515 430 1587 piane
447 1514 492 1570 sic
510 1515 718 1580 decrevimus,
740 1528 797 1570 nos
814 1528 940 1586 prorsus
963 1513 1075 1570 nuttam
1091 1522 1186 1571 muta.

125 1605 240 1660 sionem
271 1605 358 1660 ullius
382 1605 495 1661 articuli
520 1603 726 1660 consessionis
750 1615 787 1657 ct
810 1603 974 1676 Apologiae
999 1603 1186 1667 admissuros

125 1709 212 1762 esse,
231 1711 413 1768 quocunque
431 1705 600 1769 praetextu.
633 1696 783 1761 Augustae
800 1709 864 1748 retu
882 1709 919 1748 eo
936 1692 1188 1762 adduxeramus

124 1785 215 1841 simul
240 1784 384 1840 articulos
409 1784 609 1839 conderemus
635 1783 810 1853 ambiguos,
835 1782 1028 1855 flexiloquos:
1053 1799 1100 1839 rea
1120 1767 1186 1840 ’erat

124 1876 232 1932 similis
249 1875 424 1947 syrmiensis
450 1875 527 1946 iliius
544 1874 690 1945 exempli,
713 1875 793 1951 ,Sunt
814 1885 913 1930 autem
930 1890 980 1930 res
997 1875 1186 1948 nontaeaiif

122 1977 235 2038 qttsnto
254 1965 388 2039 pluribus
405 1954 664 2020 lucubrationibus
692 1964 733 2039 ita
743 1963 805 2036 jam
823 1966 985 2038 pontense
1009 1975 1097 2037 atque
1119 1965 1186 2020 illu.

123 2065 252 2122 stratae,
279 2065 329 2120 ut,
355 2047 427 2126 quid
454 2070 524 2109 vere
550 2054 729 2119 sentiamus,
756 2053 828 2109 satis
852 2044 979 2126 liqueat:
1008 2065 1038 2110 et
1063 2053 1088 2110 si
1113 2053 1186 2128 quid

123 2145 298 2218 requirent,
320 2159 422 2201 corant
440 2143 655 2201 declarabimus
672 2157 792 2200 nostras
812 2144 973 2200 sententiaa
997 2153 1027 2200 et
1049 2130 1185 2202 annone

123 2247 154 2292 et
171 2235 313 2307 nodutis,
335 2236 391 2290 sed
409 2233 479 2289 curn
499 2234 571 2306 ipsis
589 2235 731 2290 articulos
747 2249 845 2290 novos
869 2250 1056 2308 nequaquam
1073 2235 1187 2292 conde.

122 2342 212 2392 mus,
231 2343 268 2381 ne
280 2327 390 2381 veritas
404 2337 487 2381 antes
505 2325 643 2380 illustrata
656 2340 736 2380 nunc
747 2325 835 2380 novis
848 2324 1019 2395 ambagibus
1032 2325 1188 2382 obruatur.

123 2417 153 2472 st
166 2417 322 2471 veritatem
336 2425 498 2487 quaerunt,
515 2423 549 2469 ut
559 2413 691 2483 jactiiant
699 2453 708 2481 ,
726 2414 922 2470 assentiantur
933 2423 1013 2470 recte
1025 2413 1183 2486 explicatis

125 2505 330 2574 dogmatibus:
359 2505 384 2561 si
410 2516 522 2559 tanturn
551 2503 622 2573 iliud
647 2491 762 2573 agunt,
782 2515 813 2557 nt
836 2503 1072 2560 cavillationibus
1095 2504 1186 2562 novis

125 2598 288 2668 decerpant
309 2595 417 2667 aliquid
443 2595 479 2648 de
505 2594 681 2649 auctoritate
699 2593 850 2649 doctrinae
873 2604 1012 2662 nostrae,
1036 2595 1188 2665 fugiamus

127 2703 181 2742 eos
205 2696 236 2741 ut
254 2672 452 2759 sycophantas
478 2686 581 2761 dignos
605 2683 684 2738 odio.
719 2684 820 2739 Discit
837 2683 935 2740 Senex
957 2684 986 2739 in
1004 2685 1183 2754 Comoedia,

124 2777 279 2850 quomodo
302 2775 464 2849 eludendus
483 2776 520 2831 sit
545 2777 716 2830 foenerator
738 2775 924 2846 captiuncula
948 2775 984 2829 de
1007 2776 1054 2831 die
1077 2771 1119 2850 ira
1135 2779 1188 2834 arti

121 2865 179 2942 sr'qr.
213 2868 262 2922 Ab
273 2867 410 2923 Ecclesia
428 2867 530 2937 procul
549 2865 745 2937 explodantur
761 2865 835 2920 tales
854 2865 1075 2934 cavillationes,
1092 2866 1184 2926 absit·

126 2976 184 3030 que
203 2958 272 3012 iliud
290 2947 458 3013 Sinoniurn:
476 2958 546 3011 Aul
558 2972 687 3027 uersare
701 2954 791 3009 riolos
808 2961 866 3010 aut
881 2961 987 3011 carice
1004 2953 1188 3011 oecmber‘a

123 3047 232 3103 morti.
256 3046 283 3116 ⁴)
326 3047 394 3102 Nos
424 3046 555 3117 tyrannis
583 3046 681 3117 pdtius
706 3045 842 3099 cervices
867 3044 1013 3100 feriendae
1038 3042 1187 3116 praebere

124 3138 230 3206 decet,
257 3152 345 3208 qnam
362 3136 556 3203 Evangeiiunr
582 3135 631 3190 liiii
649 3134 710 3188 Dei
730 3149 934 3205 corrumpere.
968 3132 1080 3188 Extant
1098 3133 1184 3189 Cate.

125 3228 234 3283 choses
248 3238 366 3281 vestrae
379 3237 406 3280 et
420 3239 538 3293 nostrae
552 3224 719 3293 Ecclesiae,
736 3224 766 3279 in
784 3224 891 3296 quibus
904 3225 1055 3279 doctrinae
1066 3239 1184 3280 summa
1222 3225 1225 3230 ’

123 3317 265 3380 traditur,
291 3314 366 3387 ‹guae
391 3332 450 3369 non
476 3315 604 3369 obscure
630 3323 793 3380 testantur,
821 3330 878 3369 nos
904 3330 974 3368 vere
1001 3330 1185 3371 consensum

123 3408 291 3461 catholicae
329 3405 480 3462 Ecclesiae
507 3403 619 3459 Christi
645 3403 681 3457 de
705 3403 837 3458 doctrina
870 3402 1007 3476 ampiecti
1040 3415 1070 3459 et
1094 3405 1183 3461 tueri.
1238 3468 1240 3472 Α

122 3498 301 3552 Retinemus
314 3495 470 3564 Symbola,
488 3508 680 3564 tepttrgsmus
694 3494 870 3548 sententiam
884 3495 977 3548 totius
990 3495 1182 3566 propheticae

124 3600 154 3642 et
165 3587 344 3657 apostolicae
359 3588 524 3656 scripturae
537 3582 574 3636 de
587 3579 766 3654 poenitentia
785 3592 813 3636 et
832 3583 868 3635 de
885 3583 951 3640 lide.
983 3583 1182 3640 Restituimus

123 3678 287 3745 legitimum
305 3693 391 3729 usum
415 3672 691 3740 sacramentorum,
718 3676 949 3728 triousiravimus
965 3673 1035 3744 quid
1052 3672 1181 3731 sentiens

123 3769 196 3823 dum
214 3767 251 3822 sit
268 3767 305 3821 de
321 3765 533 3837 superstitiosis
551 3762 672 3833 ritibus,
690 3778 864 3819 revocamus
879 3763 944 3831 pios
962 3753 1001 3818 ad
1014 3778 1084 3822 rere
1101 3763 1182 3823 bona

1074 3860 1099 3883 t

124 3915 653 3935 -u--a—-ss

175 4021 200 4070 ι)
215 4014 324 4072 νὶιςίΙ.
339 4013 441 4061 Aeneid
455 4014 485 4062 ll.
498 4011 531 4064 ὑλ
