2730 4724
641 314 734 410 asts.
1150 318 1210 404 ιιι

150 492 248 550 literis
271 510 338 551 esse
361 496 391 551 in
408 496 571 554 constantia
590 513 641 554 sna
662 508 821 566 vexatum,
844 506 941 553 tamen
965 485 1081 568 culpam
1107 495 1136 550 in
1153 492 1210 552 Pa.

151 597 270 640 starem
288 585 453 656 Georgium
471 589 627 658 rejiciens,
651 605 719 643 sese
737 599 867 658 paratum
885 604 952 642 esse
970 588 1066 641 omnia
1084 586 1161 639 ferre
1179 597 1210 640 et

152 677 277 743 facere,
300 677 391 731 modo
408 676 516 733 Pastor
543 678 607 749 ipse
625 679 750 747 linguam
768 688 946 748 temperaret
971 693 1005 730 ac
1029 675 1208 736 insectandis

151 767 308 839 personisr
334 767 403 822 vitia
427 767 603 839 reprehendi
628 766 771 822 laudabat.
804 766 870 837 Ego
893 767 960 839 quia
981 766 1057 821 haec
1072 753 1208 837 quaestio

150 858 191 911 do
215 857 352 930 personis
376 868 406 911 et
428 856 507 912 vitiis
525 859 685 928 aequivoca
702 867 766 921 est,
789 856 861 911 nihil
882 857 962 910 volui
985 855 1062 928 aliud
1085 854 1210 928 promit.

151 958 239 1014 tere,
257 963 345 1019 quam
357 962 405 1000 me
422 950 603 1015 scripturum
621 948 656 1001 arl
674 957 721 1013 te,
739 947 788 999 cui
803 946 874 1000 istae
885 945 1040 1018 Ecclesiae
1053 961 1209 1001 commen.

151 1035 237 1090 datae
254 1045 362 1090 essent.
397 1034 498 1110 Quare
515 1046 544 1091 te
562 1051 634 1101 oro,
651 1044 684 1088 ut
702 1051 756 1106 pro
774 1033 872 1089 officio
890 1046 941 1089 tuo
959 1035 1117 1106 explores,
1136 1051 1208 1090 num

150 1135 214 1181 tota
239 1124 323 1197 plebs
340 1122 591 1193 Crenzbargensis
616 1125 644 1179 in
662 1111 819 1180 Pastorem
846 1135 997 1178 commota
1017 1125 1073 1192 sit,
1099 1125 1147 1180 vel
1172 1117 1208 1181 an

150 1216 266 1274 Pastor
281 1214 452 1271 insectando
470 1229 614 1286 personas
633 1212 857 1286 intempestivus
876 1214 932 1282 sit,
956 1223 986 1268 et
1003 1230 1064 1268 rem
1086 1231 1141 1285 pro
1158 1224 1208 1271 tua

150 1304 308 1379 prudentis
325 1319 488 1376 componas
506 1303 554 1356 vel
573 1302 664 1358 linias.
696 1303 816 1358 Absens
832 1304 902 1359 nihil
922 1320 1044 1376 possum
1058 1304 1206 1376 judicare.

218 1409 374 1465 Diaconos
392 1421 479 1476 tuus,
501 1409 657 1464 Johsnnes
675 1408 821 1477 Albinus,
845 1410 934 1466 toties
958 1411 992 1465 ad
1011 1428 1060 1466 me
1084 1411 1205 1480 scribit,

149 1511 186 1558 nt
209 1500 387 1573 stipendium
413 1499 527 1556 auctius
552 1500 722 1570 impetrem:
747 1499 800 1553 sed
824 1510 856 1552 ιιι
879 1500 955 1570 scis,
984 1501 1057 1556 mihi
1085 1517 1125 1556 ex
1148 1501 1206 1556 hac

149 1600 236 1665 parte
254 1601 298 1646 tot
315 1606 383 1646 esse
400 1588 540 1659 epistolas
558 1588 749 1654 scribendas,
766 1599 797 1642 nt
813 1590 927 1659 multis,
944 1608 981 1645 ne
999 1592 1205 1664 impediantur,

151 1682 310 1738 consulere
328 1698 434 1749 cogar,
452 1697 488 1734 ne
507 1678 682 1750 supplicent.
716 1677 795 1733 Nam
812 1679 836 1733 si
853 1681 946 1734 semel
964 1692 993 1735 et
1011 1680 1117 1736 iterum
1136 1699 1206 1737 coe.

152 1771 252 1844 perint
270 1771 298 1824 in
316 1771 379 1843 alula
396 1770 492 1822 literas
512 1778 631 1822 nostras
649 1765 794 1836 abjicere,
813 1779 911 1823 actum
929 1779 976 1824 est
993 1771 1020 1825 in
1040 1781 1205 1842 posterum,

152 1878 224 1916 eum
249 1859 320 1914 alias
346 1859 416 1914 satis
443 1874 531 1928 saepe
556 1856 704 1927 repulsam
733 1873 834 1924 passus
858 1858 923 1912 sim.
957 1857 1074 1914 Deinde
1100 1860 1206 1917 nescio

151 1963 271 2005 vestrae
288 1947 467 2016 'I'buringiae
490 1957 598 1999 statam
624 1955 672 1998 aut
696 1945 772 1998 unde
797 1945 891 2015 possit
908 1947 1015 2002 additio
1040 1949 1117 2020 peti,
1144 1967 1205 2006 non

150 2040 305 2096 nominato
330 2048 428 2091 autern
452 2036 522 2089 loco
547 2034 658 2088 facilius
686 2033 819 2103 rejicient
842 2037 938 2106 petita.
973 2036 1074 2111 Quare
1099 2039 1146 2093 vel
1171 2032 1205 2094 t'u

152 2131 200 2186 vel
226 2129 361 2184 visitator
385 2142 440 2197 pro
468 2141 504 2178 eo
522 2123 654 2190 scribas,
680 2123 726 2176 vel
751 2124 778 2176 in
797 2126 995 2180 conditionem
1019 2128 1204 2199 pinguiorem

152 2236 259 2277 voces.
293 2217 435 2288 Harpyias
459 2213 546 2267 video
570 2212 598 2266 in
622 2212 685 2265 aula
708 2213 909 2285 multiplicari,
933 2218 1047 2288 optimo
1064 2219 1203 2292 Principe

150 2327 214 2369 non
232 2308 349 2374 omnia,
375 2320 449 2377 qnae
466 2303 552 2358 Satan
569 2303 693 2371 cogitat,
711 2304 907 2373 intelligente,
932 2307 1010 2365 siout
1028 2326 1116 2365 uerno
1134 2314 1203 2367 satis

149 2399 295 2467 intelligit.
336 2396 418 2450 llaec
442 2393 543 2450 scribo
565 2390 738 2462 jamdudum
768 2394 894 2448 cadaver
921 2396 1033 2465 factus,
1065 2403 1089 2454 si
1114 2400 1203 2473 Deus

148 2505 235 2546 meas
259 2500 365 2558 preces
390 2483 568 2538 exaudisset.
603 2484 674 2534 Sum
696 2481 768 2535 nihil
793 2492 821 2536 et
838 2484 956 2541 'inutilis
983 2488 1116 2558 amplius.
1150 2491 1203 2557 Tun

149 2580 234 2644 vale,
251 2587 281 2630 et
299 2575 384 2629 fortis
402 2585 467 2627 esto
486 2571 515 2625 in
533 2570 676 2626 Domino.
709 2570 752 2624 D.
770 2573 795 2625 8.
812 2570 902 2640 Maji,
923 2573 1103 2632 MDXLlIl.
1223 2585 1225 2589 ⁴

817 2676 855 2731 T.
874 2677 1023 2734 Martinus
1040 2680 1168 2740 Luther.

185 3024 227 3074 ιι.
244 3015 336 3082 litun
907 3009 964 3066 Nl.
982 3011 1168 3084 ntachLt.

480 3161 527 3229 ltu
551 3158 644 3231 brit
666 3157 873 3231 staterio.

225 3324 250 3371 ι’.
263 3322 390 3368 struentes
402 3317 442 3370 fid
455 3319 493 3370 titt
506 3318 556 3364 rtur
568 3316 707 3366 &turritum
730 3310 771 3362 nal
785 3312 814 3362 su
827 3314 893 3365 ibren
907 3314 1017 3370 bestiast
1030 3318 1127 3368 sttuite.

209 3550 261 3598 itus
274 3546 450 3601 tturttabert
464 3544 623 3601 auerteretur
636 3547 781 3600 &sumtum
795 3544 813 3591 l.
825 3546 870 3594 lut.
885 3546 925 3596 nra
940 3514 1053 3603 &ditat
1065 3546 1082 3592 l.
1095 3524 1144 3597 tsi.

152 3683 295 3781 Gratiam
319 3739 348 3782 et
373 3743 477 3799 pacem
501 3726 529 3779 in
547 3725 678 3779 Christo.
710 3723 831 3778 Senatus
856 3725 1044 3796 populusque
1067 3727 1201 3796 Sprttto.

151 3819 280 3885 niensis,
314 3820 388 3888 apud
413 3833 489 3886 quos
513 3827 612 3869 vester
636 3814 683 3867 Μ.
709 3813 843 3867 blicbael
868 3815 1009 3892 Besseler
1037 3818 1200 3873 ministerio

152 3906 235 3961 verbi
254 3908 383 3976 iungitur
395 3906 524 3958 maximo
537 3904 634 3956 fructu
653 3914 679 3954 et
693 3904 763 3954 mira
775 3902 864 3971 gratia
883 3902 993 3973 plebis,
1012 3908 1199 3975 querulantes

151 4011 178 4054 et
197 4015 288 4070 paene
308 3995 518 4051 lacrimabundi
534 4010 582 4048 me
600 4011 653 4064 per
670 3994 768 4047 literas
785 4003 884 4062 orant,
905 3994 946 4048 mi
965 3991 1045 4061 Vite,
1070 4005 1101 4051 ut
1118 3997 1152 4052 ad
1170 4009 1199 4053 te
