2616 4710
546 337 652 414 isli..
1053 333 1113 416 ³9⁷

92 494 123 556 6.·
138 495 356 564 &cataniae
833 491 1085 555 N⁰.,MMxvl1.

59 614 111 685 lla
141 616 189 680 bit
215 614 346 695 herirat
375 610 467 695 {iah
489 613 689 695 &tirbtlrb
719 613 780 680 nub
809 609 899 693 filib.
923 612 1117 687 stillatim.

84 739 112 788 ε.
125 737 218 793 statutt
230 739 304 787 tttltn
317 739 418 792 uetusta
433 739 493 790 {rint
507 738 594 792 urruns
607 736 663 784 tibet
675 737 724 789 tarr
737 737 888 790 sartsnrtttr
906 739 931 784 tn
944 740 986 784 batt
999 737 1092 788 {bilius
1159 785 1162 789 ,

271 811 383 864 lotham
402 812 565 858 salutarent
578 810 607 862 su
620 819 651 858 an
664 810 730 863 intra
743 811 815 863 baben
828 811 912 863 merul.

119 995 172 1045 tal
184 996 363 1049 ttarllabrrt
377 994 537 1053 anastrudtrt
549 998 697 1052 &anninus
710 979 728 1044 t'ss
740 999 786 1046 blo.
805 999 846 1048 lta
859 997 969 1056 &diss
982 997 1000 1044 1.
1014 998 1059 1047 1⁶&

184 1111 228 1167 D.
252 1112 377 1169 Joanm·
400 1112 570 1168 Friderico
594 1120 625 1169 et
649 1113 773 1170 Joanm·
802 1112 995 1184 Wilhelmo,

421 1193 566 1251 Ducibus
582 1196 758 1252 Senoniae.

60 1259 210 1362 Gratiam
227 1314 257 1361 et
274 1325 390 1381 pacem.
424 1309 655 1366 clementissimi
680 1318 709 1365 e‘t
733 1308 922 1366 illustrissimi
945 1309 1118 1379 Principes,

60 1413 119 1466 ego
138 1413 241 1466 magna
258 1400 409 1470 voluptate
427 1412 455 1453 et
472 1400 635 1454 incredibili
654 1401 758 1469 gaudio
776 1399 830 1468 legi
849 1410 965 1454 vestrae
983 1398 1118 1452 illustris.

60 1486 158 1542 simae
176 1487 397 1544 Dominationis
423 1489 538 1557 literas,
563 1489 730 1560 exquibus
754 1489 903 1557 intellexi,
933 1504 1019 1560 quarn
1045 1488 1117 1542 felix

60 1589 91 1632 et
108 1578 246 1633 dextrum
271 1581 493 1634 fundamentum
506 1581 637 1649 jecerint
660 1580 870 1635 illustrissimae
887 1579 1115 1634 Dominationes

60 1678 198 1736 vestrae,
216 1679 275 1723 tam
293 1671 320 1725 in
339 1670 449 1735 literis,
467 1687 555 1742 quam
575 1672 603 1726 in
621 1672 778 1742 religione,
804 1683 832 1724 et
849 1671 954 1738 gratias
974 1686 1028 1737 ago
1044 1669 1115 1724 Deo

61 1758 138 1830 patri
150 1758 419 1814 misericordiarum
433 1777 487 1831 per
497 1760 649 1816 Christum
663 1759 752 1816 lilium
770 1761 851 1830 ejus,
869 1761 918 1832 qui
935 1772 992 1814 tam
1004 1759 1118 1814 bonum

61 1859 93 1904 et
119 1850 303 1920 praeclarum
330 1865 406 1921 opus
439 1850 582 1921 inceperit
615 1849 644 1905 in
669 1861 727 1903 tam
757 1849 932 1904 sublimibus
964 1849 1116 1919 personis,

60 1954 154 1995 orans
171 1951 200 1994 et
218 1938 398 2007 obsecrans,
416 1948 448 1994 ut
466 1958 520 2012 per
536 1941 650 1996 viscera
664 1939 880 1994 misericordiae
898 1956 968 1995 suae
986 1940 1118 2010 perficiat

62 2045 141 2098 opus
165 2045 251 2084 suurn
274 2046 372 2101 usque
398 2029 543 2086 inlinens.
576 2027 617 2085 Et
634 2031 750 2099 justum
776 2040 803 2083 et
828 2033 1029 2085 necessarium
1054 2040 1117 2099 est,

60 2135 118 2174 nos
136 2135 242 2174 omnes
259 2119 320 2174 hoc
339 2121 437 2191 ipsum
457 2133 520 2174 toto
538 2117 628 2173 corde
647 2137 752 2188 orare,
776 2130 806 2173 ut
823 2121 872 2192 qui
894 2122 1037 2189 sciamus,
1055 2121 1129 2175 illu..

63 2209 229 2264 attissimus
246 2209 474 2265 Dominationes
499 2221 614 2265 vestras
641 2210 759 2264 educari
786 2209 821 2263 ad
844 2227 892 2265 res
917 2212 1061 2265 maximas
1087 2219 1118 2267 et

61 2297 331 2371 periculosissimas
349 2309 405 2352 tam
425 2300 454 2353 in
473 2299 641 2370 republica,
659 2315 745 2370 quam
763 2299 791 2353 in
812 2299 947 2355 Ecclesia
964 2301 1118 2368 gerendas.

63 2391 150 2444 Satan
169 2399 234 2456 est,
261 2391 310 2459 qui
328 2389 407 2444 domi
426 2388 561 2460 lorisque
579 2393 639 2442 lum
665 2389 801 2457 insidias,
827 2400 888 2444 tum
907 2391 1056 2446 machinas
1074 2390 1118 2446 in.

62 2478 159 2533 linitas
187 2489 283 2533 struet
313 2477 520 2533 illustrissimis
549 2477 810 2532 Dominationibus
833 2480 961 2543 uestris,
988 2481 1118 2536 maxime

62 2584 137 2622 vero
150 2568 230 2620 dorni
244 2584 298 2639 per
310 2567 401 2620 salsos
419 2579 449 2620 et
460 2565 604 2621 subdolos
617 2577 679 2621 turn
696 2567 866 2631 familiares,
886 2580 947 2621 tum
966 2568 1117 2641 officiales,

64 2657 316 2729 quemadmodum
341 2655 464 2726 legimus
491 2655 598 2709 Davidi
628 2667 657 2710 et
682 2655 818 2726 cuiquam
848 2657 960 2724 optimo
985 2658 1116 2730 Principi

64 2745 238 2814 contigisse.
280 2743 366 2799 Unde
394 2753 424 2798 et
453 2752 558 2814 poetae
588 2743 734 2798 linxerunt
762 2743 940 2828 inplabulis,
964 2749 1117 2803 'Atlantem

63 2836 213 2892 sustinere
226 2834 363 2900 coelum,
381 2844 409 2887 et
420 2832 672 2904 christophorum
686 2844 802 2904 portare
815 2835 904 2889 totius
916 2837 1015 2889 mundi
1028 2853 1117 2906 onus,

63 2925 134 2979 dum
161 2939 284 2995 puerum
309 2923 417 2977 desum
446 2933 550 2991 portat.
599 2922 664 2975 lloc
690 2932 718 2974 et
746 2933 827 2993 pater
854 2923 1117 2983 illustrissimsmm

63 3013 310 3069 Dominationum
322 3024 485 3068 vestrarum
499 3011 677 3067 hauddubie
693 3028 751 3065 non
765 3029 829 3065 raro
845 3015 972 3085 experiri
985 3017 1116 3084 cogitur:

64 3105 190 3175 proinde
216 3103 328 3157 etiamsi
355 3102 451 3168 vires,
477 3101 641 3170 ingenium,
671 3118 762 3173 opes,
787 3102 942 3170 voluntas,
969 3104 1061 3175 pietas
1087 3115 1136 3162 et·

65 3209 171 3248 omnes
196 3194 336 3257 virtutes,
361 3191 486 3245 feliciter
504 3201 532 3244 et
549 3184 869 3261 spiritualissapienrla
883 3192 910 3253 ²)
933 3193 960 3246 in
981 3195 1116 3266 Principe
1132 3225 1136 3232 ·

65 3282 149 3337 bono
167 3297 228 3337 non
246 3281 366 3345 desunt,
392 3293 488 3334 tamen
506 3296 582 3350 opus
600 3291 646 3333 est
669 3281 784 3334 assidua
809 3293 838 3334 et
860 3280 963 3337 humili
984 3286 1116 3341 oratione

64 3374 217 3437 omniurn,
234 3381 265 3425 ut
282 3370 328 3425 illa
345 3371 441 3424 omnis
463 3371 547 3424 Deus
566 3382 667 3423 contra
682 3371 744 3424 vim
762 3370 881 3425 Satanae
900 3371 1062 3440 gubernet,
1087 3383 1118 3431 et

63 3463 100 3516 ad
125 3460 281 3515 victoriam
306 3459 401 3528 eliciat
422 3457 567 3526 judicium
591 3460 639 3523 (ut
657 3457 827 3512 Matthaeus
852 3475 890 3512 ex
907 3459 994 3531 Esaja
1011 3461 1117 3532 dicit),

63 3551 93 3606 in
121 3566 183 3622 quo
207 3549 321 3605 valeant
349 3548 565 3602 illustrissimae
583 3546 676 3600 Dom.
696 3546 731 3601 V.
757 3549 785 3601 in
807 3561 997 3617 perpetuum,
1023 3564 1118 3610 etme

65 3641 123 3696 sibi
149 3639 304 3694 clementia
329 3637 568 3692 commendatum
593 3634 738 3704 habeant,
770 3641 875 3692 Amen.
921 3639 1006 3696 Filius
1032 3659 1135 3700 meus·

64 3729 180 3785 scribet
205 3728 262 3782 alio
279 3739 434 3795 ternpore,
456 3741 523 3778 narn
541 3723 638 3779 subito
655 3741 716 3779 non
734 3725 839 3794 potuit.
872 3724 938 3793 Ego
956 3745 1026 3783 sane
1043 3748 1118 3789 nun.

64 3821 139 3874 tium
156 3818 237 3871 nolui
254 3829 379 3870 vacuum
397 3813 487 3868 abire.
522 3813 610 3868 Sexta
627 3812 827 3885 Septembris,
846 3831 871 3868 a.
888 3814 1042 3874 MDXLl.
1092 3825 1094 3828 ’

754 3900 904 3975 Martinus
920 3902 1082 3983 Lutlrerua.

115 4014 135 4060 t)
149 4009 230 4058 ursas.
245 4008 269 4060 lt.
282 4005 422 4065 saplentlaa.
