2730 4724
639 363 729 437 1545.
1148 355 1209 430 723

150 519 394 596 desperationem
411 522 544 597 assucti,
561 526 640 583 sicut
658 527 803 601 scriptum
819 533 883 583 esrt
911 517 1050 582 Deducit
1067 523 1112 578 ud
1126 518 1211 591 inse.

150 631 227 682 ros,
245 622 276 669 et
292 616 424 672 reducit.
457 617 525 672 Hoc
545 619 632 693 facit,
649 627 682 674 ut
700 618 813 674 erudist
829 634 886 673 nos
899 617 928 672 iu
942 616 1015 682 fide,
1033 632 1085 686 spe
1097 623 1127 668 et
1140 613 1212 668 chs.

149 704 239 759 ritate
257 721 326 774 erga
343 722 376 761 se
393 706 510 777 ipsum,
528 719 560 760 ut
578 707 725 778 discamus
744 703 897 762 invisibilia
914 702 978 777 ejus
996 704 1145 776 praeferre
1160 719 1213 774 ap.

150 794 343 866 parentibus,
365 805 395 851 et
411 809 515 851 contra
532 813 617 868 spem
635 798 664 852 in
681 809 765 868 spem
786 798 942 852 credentes
959 797 988 850 iu
1005 797 1071 866 ipso
1088 793 1213 849 haeres.

149 900 240 954 mus,
264 885 315 958 qui
333 894 421 940 vocat
438 903 489 956 ea,
516 904 592 959 quaa
612 905 672 942 non
694 900 780 955 sunt,
805 898 835 941 ut
851 887 911 941 sint
931 888 1023 958 (quse
1044 884 1122 940 enim
1141 882 1210 956 quis

151 977 252 1044 videt,
270 976 340 1048 quid
352 988 453 1049 speret
461 980 503 1043 ?):
517 979 543 1044 ¹)
561 979 666 1033 deinde
681 990 711 1034 ut
725 990 754 1033 et
766 977 886 1033 dilectio
898 977 947 1037 fiat
959 977 1057 1045 fortis,
1071 985 1102 1030 ut
1114 985 1211 1043 mors,

151 1078 184 1120 et
201 1066 357 1120 aemulatio
375 1068 446 1121 ‹luru
464 1067 518 1134 sit,
539 1068 622 1122 sicut,
634 1068 784 1130 infernus,
799 1067 826 1132 ²)
851 1067 920 1121 dum
938 1067 1025 1121 nobis
1043 1067 1139 1120 aulert
1156 1071 1212 1120 sus

151 1155 323 1213 dulcissima
349 1156 440 1224 dona,
466 1170 495 1212 et
519 1158 647 1213 ostendit
669 1173 738 1214 sese
763 1173 887 1229 prorsus
905 1154 1090 1212 inamabilem
1106 1157 1212 1210 Deum

150 1254 225 1300 tuno
240 1247 387 1315 maxime,
413 1263 482 1301 cum
500 1248 537 1302 tle
554 1248 638 1304 bouis
655 1246 684 1314 ³)
705 1238 817 1319 optime
836 1259 865 1303 et
882 1247 1083 1302 amantissime
1100 1245 1211 1316 cogitet

151 1347 184 1392 et
200 1337 335 1392 solicitus
353 1348 410 1392 est.
445 1338 509 1407 Sic,
532 1339 577 1393 sio
599 1339 747 1394 occiditur
763 1351 849 1393 vetus
866 1338 977 1403 homo,
1003 1345 1033 1391 et
1050 1337 1211 1392 destruitur

151 1442 266 1499 oorpus
285 1430 409 1498 peccati.
443 1428 564 1503 Quare,
590 1429 760 1484 clarissime
775 1428 937 1500 Princeps,
962 1439 991 1483 te
1015 1428 1112 1498 ipsum
1137 1442 1212 1483 con.

153 1516 254 1572 solare
276 1518 440 1571 secundum
465 1519 635 1587 opulentam
660 1534 829 1572 mensuram
856 1518 1050 1585 cognitionis,
1075 1532 1133 1588 qua
1156 1513 1210 1594 tibi

153 1607 296 1661 donatum
313 1597 341 1672 ⁴)
367 1618 412 1661 est
435 1623 527 1660 nosse
553 1607 654 1661 Deum
679 1606 800 1662 Patrem
824 1616 853 1661 et
878 1606 982 1661 Filium
1007 1620 1113 1673 suum,
1137 1614 1166 1658 et
1182 1605 1213 1660 iu

153 1695 300 1768 operibus
319 1712 456 1750 manuum
474 1712 593 1750 suarum
612 1697 799 1754 exercitatus,
818 1713 861 1752 es.
895 1695 962 1752 Nos
985 1694 1153 1764 orabimus,
1179 1705 1214 1750 ut

152 1786 245 1843 Deus
264 1787 353 1841 totius
370 1787 583 1842 consolationis
600 1798 629 1840 te
647 1788 770 1841 roboret
781 1797 811 1841 et
824 1786 919 1841 firmet
930 1787 1039 1858 Spiritu
1051 1796 1170 1853 sancto,
1180 1779 1212 1854 ⁵)

152 1876 254 1931 dones
270 1874 424 1931 illucescat
442 1888 472 1931 et
487 1874 660 1930 veniat-hoc
677 1892 772 1946 opus.
791 1877 871 1948 quod
885 1878 913 1930 in
926 1876 990 1931 istis
1003 1875 1214 1940 tentationibus

147 1965 240 2038 jubet
256 1983 312 2021 uos
331 1978 502 2036 expectare.
537 1966 614 2020 Non
631 1965 715 2020 enim
731 1983 773 2020 ex
789 1965 899 2034 corde,
918 1966 1133 2034 titderemias,
1150 1963 1216 2020 hu-

151 2054 360 2124 miliatfilios
371 2053 553 2110 leontinum:
566 2068 595 2111 et
608 2056 791 2125 Augustinus
802 2052 830 2121 ⁶)
843 2056 871 2110 in
885 2056 1013 2126 quodum
1031 2056 1116 2112 locos
1133 2056 1214 2111 Non

148 2143 354 2220 permitteret
370 2145 459 2200 Deus
481 2143 603 2199 mulum
617 2144 715 2214 fieri,
738 2144 804 2201 nisi
826 2162 867 2198 ex
882 2143 942 2200 hoc
958 2144 1071 2200 melius
1087 2138 1216 2220 aliquid

153 2234 268 2291 elicere
284 2234 383 2290 vellet.
416 2234 484 2290 Nos
503 2234 599 2288 adhue
616 2236 645 2289 ln
659 2252 748 2290 carne
760 2250 882 2302 sumus,
900 2235 1008 2306 ignari,
1027 2235 1097 2306 quid
1108 2244 1214 2306 petere

152 2333 206 2378 aut
221 2326 375 2396 quomodo
393 2335 494 2396 petere
513 2323 694 2392 debeamus,
711 2323 742 2379 h.
755 2341 781 2380 e.
796 2323 964 2395 quidnobis
981 2329 1074 2394 prosit
1090 2335 1120 2379 et
1137 2324 1229 2396 opti-v

151 2428 238 2470 snum
255 2414 303 2469 sit.
336 2413 389 2469 lile
414 2425 528 2480 autem,
550 2414 600 2484 qui
627 2424 733 2483 potens
753 2425 799 2469 est
816 2414 912 2469 lacere
929 2429 1017 2485 supra
1035 2430 1122 2484 quam
1140 2415 1215 2484 peti.

151 2518 224 2558 mus
242 2512 291 2557 sut
308 2502 515 2572 intelligimus,
542 2517 596 2572 pro
622 2502 709 2556 nobis
735 2502 886 2570 solicitus,
911 2503 995 2574 plura
1020 2513 1050 2557 et
1069 2503 1217 2575 ampliora

151 2604 274 2666 potest,
287 2585 317 2657 7)
335 2608 422 2664 quam
441 2593 572 2661 angustia
592 2592 685 2646 nostri
698 2591 799 2645 cordis
812 2593 887 2646 ausit
898 2605 999 2663 optare
1012 2602 1063 2646 sut
1073 2593 1221 2673 cogitares,

151 2685 262 2739 Sedes
281 2684 349 2737 dare
367 2700 426 2737 non
446 2694 561 2754 potest,
579 2682 634 2736 uisi
650 2681 733 2753 prius
752 2698 786 2735 es
804 2680 902 2750 tollat,
920 2681 1029 2753 quibus
1046 2698 1102 2736 nos
1115 2683 1215 2738 oredi-

150 2789 222 2830 mus
243 2789 345 2828 carere
370 2790 429 2828 uon
450 2788 558 2844 posse,
584 2781 632 2826 aut
655 2786 761 2843 magno
784 2771 868 2836 malo,
889 2781 920 2826 et
943 2772 1075 2843 periculo
1098 2789 1214 2828 orrere-

148 2863 311 2935 Exemplis
329 2863 478 2935 Scriptura
497 2862 604 2916 referta
621 2869 677 2916 est.
710 2861 806 2916 Adam
830 2870 860 2917 et
875 2860 959 2917 Hera
980 2878 1155 2934 spemagna
1173 2864 1211 2920 tle

152 2954 229 3010 eain
246 2953 319 3008 ebrii
336 2953 441 3021 fuere,
459 2967 533 3007 mox
552 2963 679 3023 utroque
697 2949 758 3006 lilio
776 2951 870 3006 orbati
889 2950 925 3005 rle
943 2963 1004 3008 tota
1021 2965 1055 3007 re
1072 2953 1212 3026 despera.

148 3046 235 3101 bunt.
268 3044 324 3101 Sed
341 3044 447 3112 Deus,
465 3042 514 3114 qui
533 3040 661 3096 vivificat
677 3052 832 3110 mortuos,
850 3051 935 3098 etex
951 3042 1044 3098 nihilo
1062 3044 1133 3099 lecit
1145 3061 1213 3100 om.

148 3137 218 3204 uia,
241 3151 315 3190 mox
332 3135 422 3190 donat
438 3134 483 3188 eis
502 3148 605 3189 semen
622 3132 700 3188 aliud
717 3149 774 3203 pro
791 3133 966 3204 posteritate
983 3147 1134 3206 nunquam
1158 3135 1210 3189 de.

149 3228 276 3282 lectura.
292 3218 323 3292 8)
356 3224 507 3305 Abraham
525 3223 562 3277 de
581 3221 707 3277 lsmaele
725 3221 779 3277 sibi
799 3223 916 3292 grandis
939 3225 1082 3295 promittit
1089 3259 1100 3292 ,
1124 3225 1211 3280 Isaeo

148 3316 189 3372 de
216 3315 313 3384 Esatm
336 3302 435 3369 Jacob
453 3314 489 3368 de
507 3312 631 3367 Ruben:
657 3313 709 3366 sed
732 3326 801 3383 spes
827 3322 921 3369 tuntas
944 3329 1048 3369 omues
1073 3316 1210 3385 oportuit

148 3404 311 3472 occidere,
336 3413 370 3458 ut
386 3415 524 3473 surgeret
541 3418 618 3456 nova
636 3412 666 3456 et
682 3412 798 3456 aeterna
816 3418 897 3473 spes.
930 3401 971 3458 Et
993 3418 1073 3459 nuno
1096 3421 1153 3461 uos
1176 3407 1209 3462 ist

147 3490 216 3552 linc
238 3494 412 3551 calamitoso
436 3493 558 3548 saeculo
582 3506 707 3565 prorsus
733 3493 813 3548 omni
830 3508 883 3564 spe
909 3492 1107 3550 destituimur.
1149 3492 1209 3552 Sed

146 3602 306 3660 speramus
322 3576 354 3650 9)
371 3594 468 3638 tumen
487 3583 515 3636 in
531 3584 633 3637 Deum
651 3582 752 3636 vivum
769 3597 823 3656 spe
843 3598 938 3650 nova,
965 3584 1113 3640 lucturum
1136 3594 1207 3644 eum

149 3692 219 3741 esse
235 3675 323 3731 finem
339 3674 466 3729 istorum
480 3672 626 3727 malorum
638 3671 827 3743 propediem,
846 3688 903 3727 neo
918 3671 1063 3730 fallemur.
1095 3672 1215 3733 lutatis

149 3814 681 3841 m

199 3901 221 3954 lt
238 3896 332 3947 surtt.
351 3899 443 3956 sperat
490 3898 512 3948 2)
531 3894 606 3943 codd.
624 3894 657 3942 stt
672 3894 786 3951 intimis,
804 3896 936 3965 itblssptit.
988 3900 1011 3951 3)
1030 3896 1106 3948 codd.
1124 3902 1203 3952 nobit.

147 3975 172 4025 d)
186 3974 241 4020 Str.
254 3968 474 4032 quaetibidouats.
511 3967 622 4022 stcodd.
635 3979 688 4015 suo.
724 3965 866 4022 timi-tlt.
902 3972 966 4024 itt.
978 3979 1055 4030 pust.
1092 3974 1217 4045 ocodd,

149 4045 266 4107 peritura.
315 4046 378 4097 illl.
391 4052 584 4101 perseveramus.
779 4044 782 4049 ’
