2730 4724
134 298 196 367 568
618 298 710 371 1543.

135 456 216 527 giam
240 459 390 515 vitandum
415 467 472 516 est.
505 458 599 537 Nam
614 460 791 516 sententiam
814 464 956 514 ananam
980 458 1034 527 (ut
1058 451 1190 519 scribitis)

135 564 198 602 non
224 546 373 617 ignoratis.
409 550 485 605 Nos¹
504 551 548 605 'sic
575 552 740 617 sentimus,
767 551 796 604 in
813 549 1014 603 Sacramenta
1039 562 1103 600 non
1119 545 1191 599 mini.

136 638 221 690 strari
240 654 345 707 panem
372 650 399 692 et
416 640 518 693 vinum
537 640 654 708 solum,
681 639 733 694 sed
750 654 821 693 vere
839 652 957 709 corpus
981 646 1012 690 et
1032 635 1192 705 sarmium

136 725 269 792 christi,
295 744 356 781 non
374 740 487 783 tantum
504 729 597 798 dignis
615 739 646 783 et
663 727 872 795 credentibus,
894 727 953 782 sed
970 726 1103 796 indignis
1117 723 1194 781 etim

136 823 167 870 et
182 814 297 884 impiis,
320 827 352 870 ut
368 816 480 873 Paulus
498 819 603 887 docet,
631 827 660 872 ct
677 816 823 872 hacteuus
850 826 913 872 tote
932 815 1078 872 Ecclesia
1099 815 1192 881 sensit,

137 913 168 958 et
193 919 288 975 usque
311 906 346 959 ad
368 922 423 960 nos
447 907 585 961 servavit.
619 906 669 962 De
697 905 1033 961 transsubstantiatione
1051 905 1193 975 rejicimus

136 992 271 1047 inutilem
298 1006 328 1049 et
354 994 546 1063 sophisticam
564 997 809 1068 disputationem,
834 995 909 1051 nihil
928 995 1063 1063 morati,
1088 993 1194 1064 siquis

139 1097 204 1134 eam
224 1082 289 1135 alibi
308 1085 427 1152 credat,
443 1084 490 1139 vel
509 1102 579 1139 non.
613 1085 689 1139 Cum
708 1086 765 1140 iliis
788 1094 886 1139 autem
904 1100 990 1138 nunc
1009 1081 1195 1138 reconciliatis

136 1170 194 1224 fuit
217 1184 299 1224 antea
317 1172 492 1240 dissidium,
518 1173 599 1244 quod
623 1172 663 1228 illi
681 1173 834 1228 calliditate
861 1182 891 1226 et
910 1172 1023 1228 astutia
1041 1173 1193 1227 verborum

135 1261 226 1314 nobis
244 1261 432 1331 imponebam
444 1264 500 1326 ,in
519 1263 707 1317 Sacramento
725 1262 843 1333 quidem
859 1263 1025 1317 monstrari
1043 1278 1115 1318 cum
1130 1276 1195 1334 pane

139 1359 171 1404 et
187 1350 258 1403 vino
277 1366 388 1422 corpus
412 1365 440 1404 er
457 1353 628 1420 sanguinem
646 1351 775 1420 Christi,
799 1352 851 1408 sed
874 1368 908 1406 ea
935 1352 1148 1422 intelligentia,
1167 1358 1197 1405 ut

138 1454 175 1493 os
194 1440 311 1508 quidem
331 1441 496 1508 perciperet
514 1458 618 1512 panem
636 1448 666 1495 et
676 1441 797 1508 vinum,
815 1453 840 1495 at
852 1456 965 1511 corpus
982 1452 1012 1496 et
1030 1441 1195 1511 sanguinea

137 1543 200 1582 non
218 1544 271 1595 os,
296 1529 347 1583 sed
365 1528 437 1584 iides
462 1547 514 1584 seu
533 1531 654 1602 spiritus
673 1530 820 1586 credentis
842 1533 871 1586 in
889 1531 1000 1586 corde:
1025 1543 1059 1586 et
1083 1532 1197 1603 agebant

138 1617 222 1686 hoc,
241 1631 272 1671 ut
288 1619 364 1673 inter
380 1636 437 1673 nos
455 1633 484 1674 et
502 1619 569 1675 illos
587 1631 696 1675 tantum
709 1620 836 1677 verbalis
848 1637 946 1693 pugna
963 1629 994 1676 et
1012 1621 1196 1691 logomacltia

138 1708 285 1778 quaedam
304 1708 394 1762 fnisse
412 1707 582 1775 videretur,
607 1725 669 1779 quo
687 1708 802 1763 facilius
824 1709 1012 1764 coalesceret
1031 1710 1194 1765 concordia.

139 1796 198 1851 Sed
216 1797 292 1851 hanc
311 1797 661 1853 transsubstantiationem
680 1808 710 1852 et
722 1797 855 1852 fraudem
874 1799 1039 1867 clusimus,
1058 1812 1194 1870 cogentes

137 1902 194 1939 eos
207 1887 386 1953 concedere,
404 1886 485 1956 quod
500 1897 529 1940 et
542 1902 577 1941 os
591 1887 669 1958 impii
681 1887 830 1958 acciperet
841 1900 954 1958 corpus
970 1899 1001 1942 et
1014 1890 1195 1957 sanguinem,

139 1973 210 2029 dnm
229 1992 333 2045 panem
352 1986 381 2030 et
392 1977 493 2030 vinum
510 1977 624 2045 accipit„
657 1975 737 2032 Nam
753 1976 787 2031 ad
804 1975 1033 2048 perceptionem
1052 1980 1132 2034 illam
1144 1977 1196 2050 spi.

134 2065 269 2119 ritualem
282 2066 418 2133 corporis
436 2076 466 2120 et
483 2066 632 2135 sauguinis
650 2065 721 2136 quid
738 2081 814 2138 opus
832 2075 876 2121 est
896 2078 1108 2138 sacramento,
1132 2084 1196 2124 cnut
1232 2112 1236 2129 .

138 2152 201 2208 hoo
212 2153 303 2207 modo
321 2153 406 2208 etiam
424 2155 453 2207 in
465 2153 612 2225 baptismo
631 2154 825 2227 percipiatur,
842 2154 903 2209 imo
914 2153 940 2220 ¹)
959 2155 989 2209 in
1006 2157 1095 2212 omni
1110 2157 1196 2213 aerbo

137 2241 326 2310 ministrato,
343 2243 368 2307 ²)
395 2255 423 2297 et
440 2247 504 2298 sine
520 2244 672 2298 mentione
689 2245 826 2314 corporis
844 2255 873 2299 et
890 2245 1063 2315 sanguinis,
1091 2249 1130 2303 de
1144 2262 1197 2319 qua

139 2331 279 2386 Christus
297 2331 421 2386 Joannis
440 2333 489 2388 Vl.
508 2333 656 2404 loquitur:
683 2333 760 2390 Nisi
776 2335 1051 2390 manducaveritis
1071 2353 1197 2393 carnem

130 2421 204 2490 filii
229 2421 366 2476 hominis
396 2429 425 2474 et
450 2420 592 2478 biberitis
619 2424 686 2492 ejus
705 2424 920 2498 ,sarrqriinem
951 2441 1019 2480 non
1047 2426 1198 2483 mdeduu

141 2511 243 2589 vitqm
260 2511 293 2565 in
312 2509 414 2580 vobis,
437 2512 497 2567 hoc
516 2523 577 2580 est,
603 2514 658 2567 nisi
677 2514 879 2580 credideritis,
903 2531 950 2569 me
968 2515 1130 2574 hominem
1145 2534 1197 2592 pro

141 2602 231 2657 vobis
258 2603 387 2668 factum,
413 2618 553 2674 passum,
579 2604 750 2672 sanguinem
775 2604 897 2658 fudisse.
933 2603 1037 2678 Quare
1065 2609 1198 2664 errabis

142 2691 323 2762 vigilandum
341 2705 404 2758 est,
422 2709 459 2746 ne
476 2690 692 2762 Prophetaster
709 2693 772 2748 istis
790 2694 951 2765 praestigiis
968 2696 1100 2768 irrepat,
1124 2710 1197 2754 etse

144 2781 373 2836 subintroducat
390 2779 466 2849 apud
484 2795 550 2834 vos.
727 2776 731 2781 ’
888 2782 898 2793 “

207 2886 257 2940 De
284 2885 429 2956 Apologia
453 2895 550 2939 autem
576 2886 823 2944 reconciliationis
847 2905 863 2942 a
888 2887 1036 2960 Magistro
1062 2890 1198 2966 Philippa

143 2975 219 3029 edita
237 2973 267 3039 ’)
291 2991 346 3041 ego
365 2990 488 3045 prorsus
506 2973 578 3029 nihil
597 2975 678 3043 scio,
704 2993 841 3033 neceam
858 2979 932 3034 vidi:
959 2980 1110 3051 inquiram
1128 2983 1198 3055 apud

145 3076 270 3119 exteros
288 3063 463 3132 diligentius.
499 3062 619 3118 Habetis
637 3081 733 3119 meam
750 3067 942 3135 sententiam,
966 3087 1057 3140 qurum
1077 3073 1200 3130 Germa.

145 3169 204 3210 nus
221 3170 281 3207 non
304 3169 364 3206 uno
390 3163 501 3207 tantum
520 3151 595 3208 libro
616 3164 739 3209 testatus
757 3171 825 3211 sum
850 3156 895 3221 (ut
911 3157 985 3213 mihi
1003 3159 1138 3227 videtur)
1155 3179 1199 3236 pa.

147 3252 245 3322 lenter
262 3252 291 3297 et
308 3259 476 3313 perspicue.

215 3349 369 3403 Caeterum
396 3361 425 3403 et
441 3348 599 3404 Ecclesiae
616 3360 735 3419 nostrae
758 3352 930 3424 tranquillae
947 3362 1033 3409 sunt:
1059 3374 1135 3429 pura
1152 3358 1200 3412 do.

100 3454 103 3461 ·
149 3438 259 3506 ctrina,
283 3439 417 3493 sincerus
436 3454 507 3493 usus
525 3439 799 3512 sacramentorum,
824 3443 905 3500 docti
925 3456 955 3498 et
971 3444 1075 3504 fideles
1093 3448 1199 3522 ubique

198 3669 219 3719 ll
233 3669 293 3718 ed).
308 3671 367 3714 tun.-
415 3671 436 3721 2)
452 3670 507 3717 Str.
522 3671 689 3719 ministrando.

150 3794 379 3812 ...ιι-ι·-

196 3889 218 3936 ·)
236 3885 283 3935 ete
295 3876 376 3935 butten
389 3886 540 3940 aridrieint:
554 3889 647 3936 addidit
658 3901 752 3949 quoque
766 3891 897 3944 raucone).
911 3894 941 3940 de
954 3894 1132 3947 conciliatione
1143 3908 1198 3958 apo·

150 3955 241 4016 loriam
254 3970 268 4005 ι
280 3957 386 4006 Domino
399 3959 511 4019 Philippo
525 3962 715 4012 Melanchthone
727 3966 803 4014 [uiue
819 3966 915 4014 editam
953 3990 959 3999 ·
