2730 4724
633 353 724 428 tstt.
1142 352 1204 427 595

142 510 254 583 ltaque
278 519 403 587 propter
424 513 617 571 eruditionem
643 527 673 572 et
696 530 816 571 morum
840 515 979 588 pietatem
1009 514 1038 569 in
1062 511 1204 570 Ecclesia

143 611 254 655 nostra
282 602 318 657 ad
345 603 499 660 ministerii
526 605 686 675 evangelici
710 605 882 661 societatem
909 613 1035 660 vocatus
1065 610 1125 670 est,
1152 600 1205 656 ubi

138 689 265 745 illustre
289 693 441 764 specimen
465 709 535 748 suae
553 695 703 750 doctrinae
720 695 817 762 dedit,
841 710 876 749 ac
899 694 1048 762 ostendit,
1073 708 1106 747 se
1129 707 1204 746 vere

144 780 290 852 amplecti
308 796 488 839 consensum
506 783 670 839 catholicae
684 783 838 839 Ecclesiae
851 783 979 849 Christi,
996 799 1085 856 quem
1103 791 1133 837 et
1150 799 1207 839 no.

144 881 208 924 atra
236 870 373 926 Ecclesia
402 876 553 945 sequitur,
587 884 617 929 ct
645 873 787 928 abhorret
814 892 830 929 a
857 874 987 929 lanaticia
1015 872 1206 942 opinionibus

146 959 295 1016 &renatis
307 962 422 1033 judicio
441 963 604 1018 catholicae
622 962 778 1019 Ecclesiae
799 963 918 1018 Christi.
937 966 961 1030 ¹)
994 962 1112 1017 Deinde
1134 978 1206 1018 cum

146 1061 277 1106 vocatus
294 1064 375 1106 esset
391 1052 526 1107 aSenatu
538 1052 798 1123 llamelburgensi‚
815 1052 936 1124 publico
951 1051 1118 1107 testimonio
1135 1067 1206 1106 eum

148 1141 423 1197 commendandum
440 1158 508 1198 esse
521 1143 670 1198 duximus.
705 1142 806 1217 Quare
823 1159 892 1198 cum
903 1157 1004 1197 mores
1021 1142 1086 1214 ejus
1104 1148 1206 1198 essent

147 1231 210 1304 pii,
228 1242 257 1284 et
274 1232 398 1286 eruditio
415 1244 496 1287 esset
509 1232 632 1304 probata
647 1232 752 1298 nobis,
770 1248 859 1304 quam
877 1248 915 1286 ex
932 1232 996 1302 ejus
1007 1230 1203 1286 concionibus

148 1327 181 1375 et
204 1319 451 1390 disputationibus
474 1321 522 1375 diu
546 1336 798 1389 cognoveramus,
824 1321 939 1393 etipse
962 1319 1149 1391 promitteret
1173 1319 1205 1376 iu

148 1409 288 1464 doctrina
305 1409 370 1482 pia,
386 1426 475 1482 quam
492 1411 648 1484 protessus
667 1420 712 1465 est
728 1411 804 1481 apud
821 1427 877 1466 nos
889 1411 1051 1479 hactenus,
1068 1416 1206 1464 constan.

148 1499 237 1556 tiam:
254 1496 393 1554 decretus
411 1508 456 1554 est
473 1499 499 1553 ei
516 1498 633 1570 publice
650 1499 686 1552 de
704 1499 826 1568 Collegii
851 1501 995 1555 sententie
1011 1498 1118 1568 gradus
1136 1499 1205 1554 Do.

149 1596 288 1645 ctoratus
305 1588 334 1642 in
345 1587 531 1658 Theologia,
547 1598 580 1643 ut
591 1598 763 1643 nostrorum
773 1587 800 1654 ²)
819 1589 854 1644 de
873 1589 938 1664 ipso
950 1587 1055 1659 judicii
1069 1587 1206 1643 testimo.

148 1678 236 1734 nium
259 1686 400 1734 exstaret.
432 1677 525 1748 quue
541 1677 590 1734 his
609 1677 733 1749 publicis
758 1677 848 1732 literis
869 1688 1028 1746 testamur,
1054 1687 1084 1732 et
1100 1677 1205 1733 Deum

149 1778 318 1835 aeternum,
334 1765 455 1823 Patrem
466 1768 590 1822 Domini
601 1768 696 1824 nostri
711 1765 790 1822 Jesu
804 1765 926 1835 Christi,
943 1755 1074 1833 oramus,
1091 1779 1124 1822 ut
1134 1782 1206 1823 cum

149 1873 222 1914 cum
247 1857 284 1912 ad
307 1857 501 1912 ministerium
528 1857 729 1926 evangelicum
748 1856 920 1923 vocaverit,
946 1855 1065 1928 adjuvet
1088 1856 1204 1928 ipsum,

148 1941 430 2007 utministerium3)
449 1946 512 2014 ejus
529 1945 566 2000 sit
581 1945 654 2000 felix
672 1954 701 2000 et
722 1945 864 2012 salutare,
887 1945 966 2001 sicut
982 1945 1126 2017 scriptum
1144 1954 1205 2002 eat:

147 2034 320 2105 nearest,
337 2035 407 2110 qui,
424 2041 460 2089 ut
470 2031 552 2092 botru
570 2033 717 2102 velimus,
734 2031 844 2106 efficit,
861 2035 1057 2105 studiosior,
1078 2043 1113 2090 ut
1125 2051 1206 2108 per-2

139 2126 302 2198 siciamus
324 2123 388 2200 u'srlp
410 2120 605 2194 cistellenses,
630 2126 658 2180 id
680 2136 742 2193 est,
768 2136 800 2180 ut
825 2125 921 2198 aliqua
943 2126 1012 2182 liant
1035 2127 1091 2198 ipsi
1114 2137 1206 2195 grata.

149 2216 291 2275 Maxima
302 2216 380 2274 enim
393 2231 460 2289 pars
471 2215 588 2286 generis
599 2215 731 2285 humani,
741 2216 874 2271 furenter
883 2227 1080 2273 contemnens
1089 2216 1204 2286 Deum,

147 2308 213 2365 ruit
238 2306 267 2363 in
289 2306 421 2376 scelera,
448 2305 556 2378 quibus
579 2304 763 2361 horribiliter
785 2305 873 2360 Deus
898 2305 1043 2364 irascitur.
1084 2306 1141 2361 Sed
1166 2323 1206 2362 na

148 2406 251 2454 totum
269 2411 361 2465 genus
378 2394 541 2451 humanum
558 2403 675 2466 pereat,
699 2394 835 2465 excerpit
850 2394 938 2449 Deus
958 2394 1074 2467 aliquos
1099 2395 1127 2450 in
1143 2395 1207 2450 Ec.

147 2483 243 2542 clesia
260 2501 330 2553 sua,
348 2501 400 2557 per
412 2500 488 2556 quos
502 2482 579 2538 bona
596 2494 625 2536 et
642 2483 775 2538 salutaria
789 2482 877 2549 liunt¹
896 2500 950 2553 per
964 2499 1040 2554 quos
1052 2482 1210 2554 Evangelii

147 2576 205 2632 lux
222 2574 280 2628 late
297 2575 461 2647 spargitur,
479 2584 508 2629 et
524 2572 609 2627 multi
625 2571 661 2626 ad
677 2572 854 2640 agnitionem
872 2570 932 2625 Dei
955 2582 985 2626 et
1002 2572 1037 2626 ad
1054 2581 1205 2630 aeternam

146 2667 243 2721 vitam
259 2675 420 2732 vocantur,
437 2680 472 2718 ac
489 2673 611 2735 propter
628 2675 704 2733 quos
722 2671 877 2716 servantur
887 2660 1021 2732 politiae,
1038 2678 1113 2733 quae
1131 2672 1203 2719 sunt

145 2754 281 2825 hospitia
297 2752 462 2809 Ecclesiae.
496 2751 627 2808 Oramus
643 2750 729 2821 igitur
744 2750 864 2817 Deum,
882 2761 915 2805 ut
931 2748 1013 2805 hunc
1028 2750 1201 2808 Doctoretu

143 2845 332 2903 Fridericum
344 2856 482 2898 vocatum
499 2842 534 2897 ad
551 2840 628 2912 piam
644 2838 828 2894 functionem
845 2849 875 2895 et
887 2838 1043 2895 Ecclesiae
1060 2857 1199 2896 necessa.

145 2937 224 2991 riam
237 2944 317 3002 regat
327 2943 356 2989 et
368 2933 497 3002 adjuvet.
526 2931 622 2986 Detae
634 2929 681 2983 die
692 2927 794 2984 Lucae
806 2929 1007 3000 Evangelistac
1021 2934 1061 2986 tt.
1071 2931 1201 3006 Octobr.

144 3040 228 3081 anno
245 3021 423 3079 MDXLIII.

871 3081 1021 3140 Martinus
1038 3082 1167 3141 Luther.

179 3407 224 3464 22.
240 3400 402 3466 Dtttttr.
868 3456 871 3462 ,
889 3397 947 3454 Νῡ.
963 3396 1164 3456 MMoLxx.

494 3534 543 3605 an
563 3531 662 3604 ute.
684 3526 853 3606 tttlltr.

145 3679 172 3727 e.
191 3675 248 3728 tort
265 3674 340 3726 ntdtt
357 3674 435 3726 uates
451 3682 497 3722 ann
514 3675 553 3721 tte
570 3673 633 3722 sen
647 3672 766 3722 buettner
778 3670 836 3729 nete
854 3670 888 3717 tn
905 3668 987 3720 wate
1005 3671 1112 3726 tramite
1124 3671 1197 3728 soret

525 3749 564 3793 tet
579 3744 819 3795 cnennuntcatten

165 3944 721 4064 i'sternit-quenetunius-chnut
768 3948 832 4000 2)Α,
847 3944 933 4010 nostri,
983 3947 1201 4003 diuitemdrai·

146 4029 253 4078 paens
