2730 4724
145 338 210 409 370
624 336 717 411 15⁴1.

144 496 288 569 Denique
310 498 462 555 osculatus
485 506 531 555 est
552 516 631 555 eom.
662 496 798 573 Cogitata
821 506 854 554 et
875 497 1017 556 festinate
1040 497 1136 569 egredi
1154 510 1189 553 ex

143 589 200 645 ista
216 588 363 656 Sodoma,
386 590 469 644 venit
485 589 526 645 ira
542 589 603 645 Dei
620 606 713 663 super
728 605 783 647 eos
799 588 827 645 in
845 589 948 645 linem.
982 588 1037 645 De
1054 590 1138 645 uoltis
1150 588 1189 645 us

141 680 252 737 sentio:
277 677 430 753 Quicquid
448 680 519 749 erit,
545 681 643 736 omnis
659 680 779 735 tortam
797 680 921 735 terendo
939 680 1127 753 superanda,
1138 694 1190 735 nea

141 767 265 836 dubito,
290 768 361 839 quin
386 769 550 840 superanda
574 770 626 840 ait,
649 770 676 825 si
700 769 823 825 l'erendo
849 768 1018 837 fuerimus,
1044 768 1114 841 quia
1135 767 1190 841 ipat

140 857 231 915 dixit:
249 858 408 935 Quicquid
418 859 577 932 petieritis
592 859 628 915 in
643 859 771 915 nomine
785 876 873 928 atreo,
894 857 958 916 boe
974 859 1047 933 ipse
1052 857 1190 929 sanim,

140 956 177 1005 ut
185 947 388 1023 ploriticetur
396 940 494 1022 pater
504 949 628 1017 infilio.
662 951 677 1006 l
679 952 780 1023 psius,
797 967 857 1006 non
869 962 975 1006 nostra
986 966 1078 1007 causa
1092 950 1190 1021 agitur:

138 1038 205 1111 ipse
217 1038 341 1107 viderit,
357 1054 394 1094 au
406 1039 557 1095 ruentibus
569 1040 674 1108 nobis,
691 1040 716 1095 si
728 1040 872 1106 uoluerit,
889 1038 957 1111 ipse
976 1056 1103 1113 quoque
1113 1054 1190 1095 roera

137 1129 223 1184 velit:
250 1130 304 1185 sed
322 1130 416 1185 irruet
431 1130 532 1189 verius
550 1140 579 1185 et
595 1130 729 1201 certius,
747 1146 836 1202 quam
852 1140 933 1198 ruet,
952 1129 1077 1187 illorum
1092 1144 1189 1199 magus

140 1228 172 1279 st
189 1230 311 1275 aeterno
327 1218 421 1288 malo,
437 1228 541 1275 nostro
552 1234 627 1274 vero
640 1218 721 1275 bono
731 1234 838 1289 magno
854 1228 884 1274 et
900 1230 1039 1276 aeterno.
1073 1221 1191 1276 onum

140 1318 191 1365 est
212 1310 284 1365 satis
309 1326 365 1380 pro
392 1307 533 1363 Caesare:
555 1309 580 1365 si
603 1308 675 1364 nolit
694 1307 949 1376 benedictionem,
975 1311 1055 1365 serat
1080 1308 1190 1365 maleui-

139 1398 280 1457 ctionem.
312 1397 385 1455 Non
400 1408 502 1471 potest
526 1414 593 1455 ease
610 1397 697 1471 culpa
714 1398 808 1456 solius
829 1396 936 1453 diaboli
954 1398 1145 1469 Moguntini,
1166 1398 1189 1454 si

140 1488 206 1558 ipse
230 1504 291 1541 non
316 1496 397 1543 esset
419 1502 512 1559 purus
536 1487 703 1559 hypocrita.
736 1488 801 1543 Tot
819 1488 959 1557 querelas
981 1488 1085 1545 bausit
1106 1488 1189 1545 surda

139 1594 227 1645 aure,
245 1576 357 1646 lingens
368 1593 401 1633 se
417 1577 569 1647 religionis
581 1592 670 1633 causa
687 1576 788 1633 isthuc
801 1566 936 1647 deier're,
953 1594 1030 1650 quas
1043 1594 1188 1652 nunquam

139 1670 248 1737 eogitnt
272 1666 389 1735 audire,
414 1667 498 1739 quasi
521 1682 576 1740 pro
593 1667 743 1737 religionis
764 1682 853 1723 causa
877 1684 939 1723 non
962 1668 1086 1725 interim
1109 1669 1188 1725 etiuu

139 1757 300 1813 comedere
325 1765 466 1827 cogatur,
490 1765 540 1811 sut
562 1771 676 1811 cacare.
710 1755 831 1831 Quanto
852 1756 945 1827 magis
972 1768 1083 1829 posset
1107 1772 1188 1813 causa

139 1846 291 1917 religionis
308 1846 404 1919 posits
421 1844 491 1902 istas
507 1845 643 1919 querelas
660 1844 779 1915 audire,
803 1846 864 1902 imo
882 1847 950 1902 dum
968 1862 1028 1904 vos
1052 1849 1186 1905 inutiliter

139 1948 170 1990 et
193 1938 302 1990 trustra
320 1936 456 2003 certatis,
477 1935 669 2007 jamdudum
688 1928 888 2007 expediuisse.
921 1937 1100 2007 Succurrit,
1122 1936 1187 2011 quid

139 2026 248 2097 egerit,
265 2025 334 2098 quid
353 2024 410 2079 sub
432 2024 596 2095 irruptione
612 2024 743 2080 Turcica
759 2026 834 2098 apud
852 2025 997 2081 Viennam
1017 2028 1085 2083 dota
1101 2044 1185 2101 pace,

137 2130 227 2185 quam
252 2128 324 2167 mox
350 2123 453 2184 postea
478 2114 629 2167 revocavit
653 2121 683 2168 et
708 2112 763 2168 alin
785 2115 893 2172 multa:
922 2115 1041 2171 interim
1068 2118 1187 2175 devorat

138 2203 314 2272 Trajectum
336 2200 503 2268 Leodium,
519 2200 548 2268 ⁴)
572 2202 649 2257 sicut
669 2200 764 2258 Heius
788 2205 888 2259 socius
909 2202 1119 2275 Hildesheim,
1140 2206 1185 2263 de.

135 2304 294 2347 voraturus
319 2290 460 2346 Rhenum
484 2300 579 2346 totum
607 2307 677 2345 cum
703 2292 943 2365 episcopatibus,
974 2295 1055 2351 sicut
1090 2296 1185 2352 socius

136 2392 225 2436 totam
240 2381 407 2436 saxoniam.
434 2379 492 2435 Sed
503 2380 539 2435 de
550 2379 599 2436 lais
611 2397 721 2436 eornm.
753 2381 942 2457 Abrumpite,
960 2401 1050 2457 quem
1064 2387 1184 2459 potestis

135 2471 387 2529 commodissime.
427 2468 508 2525 Nam
530 2470 567 2524 de
590 2482 719 2543 quatuor
741 2473 872 2530 articulis
901 2476 1095 2533 concordatis
1119 2474 1185 2535 nitu

134 2563 212 2631 vidi,
236 2562 290 2616 nisi
312 2576 404 2617 unum
422 2562 459 2614 de
472 2559 691 2630 justificatione.
724 2560 791 2616 Nisi
808 2562 890 2634 quod
905 2564 1033 2620 veritum
1059 2566 1138 2623 istud
1158 2564 1183 2620 ia

137 2651 263 2707 Caesare
280 2668 341 2707 oon
352 2648 514 2721 displicuit,
532 2648 753 2719 antcttlnllldn
773 2650 994 2724 ltutstnttlflidlp
1004 2695 1015 2723 ,
1034 2656 1117 2728 quod
1133 2654 1183 2712 etsi

135 2760 191 2816 pro
209 2759 261 2798 sua
273 2752 353 2814 parte
364 2741 533 2813 posuerint,
549 2740 635 2794 nobis
648 2752 745 2795 tamen
763 2758 823 2797 non
841 2744 981 2799 inutiliter
997 2746 1065 2805 erit.
1099 2744 1184 2821 Quod

134 2834 160 2888 si
189 2844 221 2887 tu
249 2848 309 2886 non
334 2831 446 2901 poteris
475 2828 670 2900 abrumpere,
698 2830 858 2903 Casparem
887 2844 1007 2903 tamen,
1038 2836 1064 2892 si
1088 2848 1183 2911 poles,

134 2924 229 2981 mitte.
262 2921 348 2976 Uxor
372 2920 438 2990 ejus
461 2919 529 2974 istas
554 2919 677 2987 domus,
700 2936 787 2976 curas
812 2932 841 2978 et
859 2934 1023 2981 structuras
1042 2944 1104 2985 non
1127 2925 1183 2984 sins

131 3014 251 3085 jactura
267 3010 407 3077 sustinet,
432 3018 465 3063 ut
490 3007 560 3067 alias
582 3008 650 3078 ejus
668 3010 856 3081 operationes
882 3022 913 3067 et
937 3030 1045 3083 operas
1063 3030 1183 3083 taceam,

137 3102 246 3176 quibus
270 3100 398 3155 ecclesia
422 3108 453 3153 et
475 3096 578 3154 schola
604 3099 721 3154 interim
750 3117 853 3157 carere
879 3104 1004 3171 cogitur.
1048 3108 1184 3181 Imperatr

139 3204 185 3250 est
202 3192 230 3246 ei
248 3190 351 3247 missio
368 3188 555 3259 aPrincipe,
573 3187 597 3242 si
615 3200 646 3243 tu
665 3190 851 3247 consentias:
868 3191 961 3247 habea
978 3195 1050 3250 loco
1070 3199 1133 3268 ejus
1148 3196 1184 3252 D·

112 3269 117 3279 ’
139 3280 360 3345 Amsdorlitun,
376 3294 467 3351 quent
479 3293 535 3346 ego
548 3279 570 3345 ³)
584 3278 675 3333 credo
687 3279 751 3337 istis
764 3280 1011 3351 indignationibus
1024 3288 1083 3343 tuis
1093 3286 1121 3355 2)
1133 3301 1186 3341 noo

142 3371 273 3434 enecarit
290 3385 359 3429 uam
375 3386 462 3439 saepe
480 3368 545 3439 ejus
563 3368 771 3437 recordamur,
794 3371 941 3440 iatgenium
959 3376 1024 3445 eJ'us
1043 3378 1187 3447 cognitum

123 3463 295 3519 ¹laubentss.
328 3459 386 3525 Sed
408 3458 560 3517 Dominus
584 3458 686 3513 reddet
711 3460 798 3514 uobis
824 3461 955 3531 abunde,
982 3466 1051 3537 quis
1074 3480 1188 3540 propter

143 3552 241 3622 ipsum
266 3557 311 3609 tot
334 3563 446 3621 poenas
469 3548 645 3618 purgatorii,
677 3564 735 3602 uon
765 3549 840 3605 illius
866 3552 1017 3621 papistici,
1045 3556 1099 3610 sod
1124 3570 1188 3610 vere

145 3638 315 3704 christiani,
339 3638 399 3691 irno
423 3636 587 3693 inferorum
609 3636 772 3691 sustinetis.
807 3636 906 3711 Quare
927 3642 1023 3697 fortes
1048 3656 1144 3700 estote
1164 3652 1189 3697 et

145 3727 232 3796 laeti,
250 3727 397 3794 ridentes,
414 3727 440 3782 si
456 3725 599 3798 potestis,
617 3725 736 3781 Satanae
755 3728 915 3785 machinas.
950 3730 1031 3788 Nutu
1053 3733 1188 3792 tortitudo

198 3885 220 3935 ll
230 3880 312 3929 uin.
326 3878 350 3928 ll.
364 3889 432 3933 erpo.
484 3878 507 3929 u
520 3878 601 3926 metat.
616 3878 639 3927 tl.
653 3877 843 3935 indignatoriuus
858 3881 900 3926 tul.

149 3966 374 3986 ,nu—c*

198 4019 222 4070 *t
234 4016 270 4071 et
282 4012 310 4068 lt
323 4015 369 4064 nur
382 4012 524 4068 antelamo
539 4014 634 4067 narrat
645 4014 684 4067 uu
697 4016 767 4070 litut
781 3994 872 4072 irritat.
