2730 4724
129 448 192 535 *tt
632 408 755 524 'aaa
823 505 829 511 .
901 530 906 541 x

183 570 359 690 asama
856 553 1206 683 nooaucoxxta,

502 766 552 837 tta
578 728 672 851 stet.
696 765 859 850 {istite
891 750 894 755 ’
1200 752 1205 763 ’

182 922 255 970 taeter
266 922 302 971 tte
314 923 452 978 tnmrtttt
463 923 588 976 etatem
600 923 627 972 tn
640 925 774 981 reiterant
786 925 831 978 sut
840 919 968 980 austrum
984 923 1136 978 aratores
1147 929 1175 976 tta
1195 946 1200 955 ,

534 997 662 1051 idrdttstt
677 1001 827 1056 Gtttttaatta

193 1323 197 1331 Ι
220 1253 565 1327 wmcssrtcnttdtn
577 1259 726 1314 &nmium
738 1268 764 1312 aa
778 1257 861 1311 dotat
874 1256 915 1309 tto
928 1253 1041 1325 &alpe
1054 1254 1094 1301 111.
1108 1254 1141 1306 tl·
1159 1323 1163 1330 ⁸

153 1402 281 1476 Optimo
297 1410 328 1459 et
340 1405 397 1478 pio
415 1405 516 1476 Viro,
532 1406 600 1481 Dp.
618 1407 673 1463 M.
690 1409 742 1463 Jo.
760 1402 931 1475 Fors'tero,
942 1402 1120 1483 ¹Ecclesiae
1136 1403 1211 1458 Au-

217 1500 380 1568 9ustonoe
401 1496 552 1554 »anatra
568 1497 667 1567 fideli
695 1503 727 1552 et
752 1496 896 1566 sincero,
921 1510 981 1553 suo
1007 1495 1044 1550 ira
1067 1493 1213 1551 Domino

208 1582 323 1656 fratri
338 1584 540 1644 charissimo.

152 1714 209 1809 G·
235 1772 267 1819 et
281 1763 319 1821 P.
342 1764 373 1820 in
389 1763 536 1824 Domino.
570 1767 689 1826 Gratias
712 1768 770 1841 agit
793 1765 847 1824 tibi
868 1783 935 1823 mea
955 1764 1130 1823 Marussula
1155 1779 1214 1836 pro

152 1851 234 1909 dono
247 1863 312 1923 tuo,
328 1856 369 1910 mi
379 1855 528 1913 Forstere.
562 1858 637 1914 Satis
649 1859 790 1926 admiror,
804 1859 886 1930 quod
898 1855 1018 1924 scribis,
1035 1854 1217 1935 Musonium

151 1941 191 1998 ita
218 1943 357 2015 locutum
378 1960 447 2001 ease
472 1945 509 2000 de
530 1943 711 2017 Magistratu
734 1946 868 2019 urgendo
892 1956 998 2002 contra
1022 1943 1215 2013 Canonicoa,

152 2048 224 2090 cnm
240 2042 339 2089 umen
355 2042 438 2090 certe
453 2033 609 2092 delinitum
632 2044 664 2092 et
679 2047 838 2109 acceptum
860 2046 907 2093 est
931 2054 948 2092 a
964 2034 1052 2091 nobis
1069 2033 1215 2091 omnibus

150 2123 346 2179 contrarium.
378 2122 436 2179 Sed
450 2133 485 2180 tu
500 2124 655 2183 moderate
673 2142 741 2196 agas
750 2165 761 2194 ,
777 2136 808 2183 et
824 2136 965 2200 spectes,
982 2142 1019 2180 an
1035 2124 1074 2179 ita
1086 2138 1216 2196 pergere

151 2210 264 2280 velint,
288 2228 323 2268 an
348 2228 428 2268 non:
452 2221 516 2268 turn
540 2230 597 2270 nos
614 2214 732 2271 Senatui
756 2225 854 2272 totutu
876 2215 1007 2289 querelis
1031 2212 1215 2284 aperiemus.

152 2298 278 2357 Interim
294 2300 367 2359 satis
383 2311 449 2370 eet,
468 2303 519 2359 vel
535 2318 590 2359 eos
606 2303 668 2360 hoc
684 2305 837 2381 cpntiteri,
860 2305 942 2377 quod
959 2303 1011 2359 hic
1027 2302 1216 2359 contrarium

130 2410 133 2417 ·
151 2390 306 2448 delinitum
322 2392 376 2460 sit,
391 2409 429 2448 eo
445 2393 528 2463 ipso,
545 2409 607 2465 quo
619 2393 797 2451 dicuntsese
810 2394 953 2450 restitisse
966 2409 1020 2450 sen
1034 2393 1216 2449 reclamasse

45 2498 48 2503 ·
151 2482 239 2548 (licet
249 2480 363 2557 nonsit
374 2485 494 2551 verum)
505 2482 579 2540 huic
589 2494 711 2547 nostrae
726 2485 897 2541 sententiae.
931 2484 1034 2561 Quare
1051 2493 1217 2554 arguentur

150 2572 273 2630 tandem
294 2573 405 2630 dissidii
422 2573 580 2630 voluntarii
601 2583 631 2630 et
652 2575 832 2631 concordiae
855 2573 1018 2631 simulatae.
1052 2572 1217 2629 Caetermis

82 2712 86 2725 .
150 2672 256 2721 nostra
270 2677 357 2719 mene
373 2681 435 2719 non
451 2664 523 2734 tuit,
546 2672 580 2719 nt
596 2681 648 2735 ea,
674 2680 750 2738 quae
767 2664 819 2719 hic
836 2674 956 2721 tractata
972 2672 1057 2733 suut,
1080 2660 1217 2720 celaretu-

152 2761 219 2823 tur,
240 2752 302 2810 imo
320 2753 506 2825 rogerium,
521 2763 554 2811 ut
570 2755 606 2809 ad
624 2770 730 2810 omnes
746 2753 920 2824 Ecclesiae,
943 2753 1081 2811 Pastores
1097 2763 1129 2810 et
1144 2751 1219 2810 Μαι

153 2844 296 2915 gistratus'
304 2843 483 2913 referretur,
500 2855 530 2900 et
542 2858 633 2916 super
643 2844 756 2900 eisdem
769 2860 876 2901 eorum
888 2843 1033 2903 sententia
1050 2840 1216 2914 audiretur,

100 3000 105 3013 ο
153 2944 186 2990 et
201 2932 290 2990 uobis
305 2931 536 3004 significaretur,
551 2941 666 2989 tantum
682 2949 720 2988 ne
738 2943 896 3006 antequam
915 2933 1051 2989 omnium
1066 2932 1219 2991 sententia

152 3021 335 3090 haberetur,
350 3038 405 3095 pro
424 3021 542 3078 delinita
558 3023 738 3092 concordia,
763 3039 819 3096 per
835 3021 1039 3096 typographos
1059 3022 1217 3093 ederetur,

152 3129 193 3169 ne
216 3113 333 3169 scilicet
348 3112 472 3168 victoria
488 3122 650 3170 caneretur
669 3112 808 3169 encomio
832 3113 1060 3186 intempestivo,
1084 3123 1114 3169 et
1130 3112 1218 3170 multi

92 3206 95 3211 ⁴
152 3202 329 3269 clamarent,
353 3202 416 3258 sine
439 3201 558 3267 illorum
574 3202 651 3257 scitu
676 3211 707 3257 et
728 3200 758 3256 in
781 3202 889 3274 angulo
911 3202 1010 3257 omnia
1034 3208 1103 3258 es'se
1119 3207 1217 3273 geste.

151 3288 235 3351 Nam
259 3305 315 3364 ego
339 3301 486 3364 exspecto
511 3288 643 3347 omnium
667 3307 870 3360 consensum,
898 3291 1073 3364 inscriptis
1098 3293 1136 3348 ad
1156 3294 1219 3352 not

153 3381 342 3450 mittendum,
359 3381 437 3438 sicut
454 3397 511 3437 vos
529 3393 559 3436 et
576 3380 769 3450 Magistratus
786 3393 888 3438 vester
904 3381 993 3453 misit,
1011 3391 1044 3437 ut
1063 3382 1101 3439 ita
1119 3382 1220 3455 publi.

153 3489 192 3529 co
209 3472 344 3528 omnium
361 3486 511 3528 consensu
528 3471 647 3544 publiea
663 3470 712 3527 liat
728 3473 890 3530 concordia
907 3484 938 3529 et
950 3472 1068 3545 publica
1085 3473 1208 3532 edatur:

217 3585 326 3660 Nuper
337 3584 559 3658 Magdeburgae
576 3588 683 3643 mulier
692 3588 837 3661 quaedem
854 3588 1037 3665 perturbavit
1050 3587 1114 3644 Dn.
1127 3590 1220 3647 Ams-

153 3676 300 3745 doriiutu,
325 3683 358 3730 ut
379 3675 479 3733 minus
505 3689 605 3748 speret
630 3678 668 3734 de
690 3678 861 3736 sinceritate
880 3677 1071 3734 concordiae.
1101 3676 1218 3736 Notatn

69 3815 73 3826 .
153 3767 207 3822 titii
224 3767 317 3822 credo
335 3781 404 3822 esse
421 3766 646 3835 mulierculam,
667 3768 781 3824 scilicet
796 3768 943 3825 Doctoris
961 3765 1120 3826 Cubitonis
1138 3784 1219 3827 uxo.

153 3872 237 3924 rem,
254 3852 298 3916 lit
309 3852 559 3926 prmmtlibtlmits
575 3866 629 3917 ltu
640 3854 760 3932 &timia
792 3857 838 3913 Ea
855 3857 1028 3914 recitaverat
1040 3858 1217 3917 Amadordo

154 3947 248 4004 multa
263 3956 294 4000 et
310 3960 414 4015 magna
431 3947 468 4024 de
484 3958 586 4002 vestro
598 3945 826 4017 metriasmon!
842 3946 1016 4005 contrarios
1033 3959 1064 4003 et
1079 3960 1216 4006 nostram

155 4037 333 4101 sententiam
350 4046 407 4091 etc·
441 4035 483 4098 cs
500 4035 586 4105 nteit
603 4035 676 4106 nteit
693 4043 744 4110 tut
760 4036 853 4103 tituta
876 4049 956 4100 uena
972 4036 1006 4107 it
1023 4036 1215 4127 elotanae·

155 4139 204 4200 tta
220 4124 328 4188 trallttt.
362 4125 513 4196 Patiente'r
528 4123 626 4183 adhuc
643 4128 709 4184 fero
723 4128 837 4199 omnia,
861 4130 959 4204 neque
975 4128 1094 4189 Senatui
1111 4140 1214 4190 vestro
