2730 4724
604 381 607 386 -
638 353 727 427 asu.
1146 339 1210 421 sat

199 512 207 524 ’
223 510 359 566 Alterum
377 511 528 568 admonuit
544 513 708 584 Matthias,
725 513 842 572 scillcet
850 512 874 580 ¹)
893 513 1022 586 irrepere
1039 510 1125 568 etiam
1134 509 1161 579 ²)
1178 511 1210 567 in

157 598 272 655 Italiam
291 603 472 673 pestilentiae
490 606 666 674 magistros,
684 606 734 678 qui
751 618 884 661 nostram
901 605 1093 662 Germaniam
1109 601 1209 656 adhuc

154 691 248 746 hodie
260 694 336 765 apud
349 694 550 748 Helvetiorum
564 708 676 766 partem
689 697 844 764 divexant,
862 694 1115 751 Sacramentarios
1127 692 1208 758 dico,

156 782 210 853 qni
227 782 314 837 nobis
333 800 371 837 ex
389 801 517 855 corpore
536 797 564 838 et
582 787 722 854 sanguine
741 803 843 856 panem
856 797 885 840 et
896 786 997 839 vinum
1011 785 1138 851 iaciunt,
1156 782 1207 854 qui

155 873 187 927 in
201 873 345 943 principio
357 876 439 928 luere
452 875 542 945 hydra
557 877 703 946 ooticeps.
737 877 797 931 Sex
814 877 906 950 capita
923 876 1129 943 contudimus,
1148 875 1208 927 lan.

155 974 247 1032 guent
265 964 362 1017 adhuc
378 965 436 1017 duo
450 966 559 1037 capita,
577 967 692 1020 scilicet
705 965 859 1036 Zwinglii,
877 966 963 1036 cujus
976 965 1059 1020 furor
1070 964 1122 1019 fuit
1134 965 1207 1020 iste:

153 1051 280 1131 ³9⁰&
292 1071 401 1126 corpus
415 1072 533 1123 meum,
552 1057 579 1110 id
598 1069 658 1125 est,
677 1057 817 1125 significat
835 1072 944 1128 corpus
959 1071 1075 1122 meum,
1093 1064 1122 1108 et
1136 1071 1206 1107 caro

151 1159 217 1197 uon
235 1145 355 1212 prodest
373 1146 543 1216 quidquam.
579 1146 754 1219 Quanquam
773 1147 833 1202 hoc
851 1136 976 1201 alterum
988 1161 1048 1199 nou
1060 1142 1206 1213 zwinglii,

152 1232 209 1286 sed
222 1233 443 1306 Oecolampadii
456 1236 518 1291 fuit.
551 1237 750 1293 insulsissima
762 1247 791 1293 et
802 1237 972 1292 stultissima
986 1244 1053 1290 sunt
1066 1251 1169 1290 eorum
1178 1230 1207 1298 3)

153 1335 336 1393 argumenta,
355 1336 464 1380 utnon
482 1344 594 1394 errore,
613 1328 664 1381 sed
682 1340 822 1399 operante
840 1327 939 1381 satana
957 1325 1083 1381 scientes
1101 1322 1208 1378 verita.

150 1423 215 1466 tem
233 1413 403 1485 impugnare
418 1408 449 1482 4)
466 1416 690 1475 convincantur.

221 1551 255 1605 ln
275 1551 368 1620 lingua
387 1563 488 1608 nostra
505 1555 596 1608 multa
613 1555 720 1627 scripsi
738 1564 841 1610 contra
859 1569 930 1621 eos,
953 1553 1057 1608 Latine
1073 1551 1206 1607 scribere

151 1639 227 1695 mihi
244 1659 305 1696 non
323 1659 398 1712 opus
417 1659 482 1696 osse
503 1645 592 1712 duxi,
619 1661 688 1699 curn
713 1646 740 1699 id
765 1645 832 1698 mali
859 1655 969 1699 tantum
995 1644 1024 1698 in
1048 1641 1207 1699 Germania

152 1723 227 1795 οὐ)
244 1730 423 1788 Germanica
440 1733 536 1802 lingua
548 1734 647 1789 lutere
662 1735 819 1806 coepisset.
843 1734 977 1788 Meditor
991 1744 1106 1798 autem,
1124 1744 1207 1803 post.
1283 1760 1285 1763 ·

153 1836 246 1892 quam
271 1821 340 1876 satis
364 1838 433 1876 sero
457 1840 536 1877 nunc
559 1825 734 1892 intelligam,
760 1825 827 1883 illos
852 1839 905 1895 per
923 1823 1054 1878 Latinam
1078 1822 1207 1890 linguam

151 1924 242 1971 auum
261 1912 342 1965 virus
359 1914 503 1983 sparsisse
521 1925 551 1968 et
566 1930 704 1984 spargere
722 1915 752 1968 in
768 1913 881 1969 Italiam
899 1923 925 1968 el
938 1912 1078 1978 Galliam,
1096 1910 1207 1982 aliquid

151 1999 260 2055 Latine
279 2000 384 2068 edere,
402 2019 568 2073 quanquam
586 2005 721 2070 mallem,
737 1995 765 2069 6)
790 2004 851 2058 hoc
867 2003 969 2059 tentari
988 2001 1023 2055 ab
1041 2002 1137 2072 aliquo
1154 2018 1207 2055 ve.

153 2103 269 2159 strum,
288 2093 334 2145 vel
347 2091 480 2159 Gallice,
491 2087 520 2159 l)
539 2095 622 2163 cujus
640 2106 720 2149 esset
737 2094 766 2148 in
785 2094 883 2149 Latina
900 2093 996 2162 lingua
1014 2092 1109 2162 major
1122 2107 1206 2145 usus.

151 2177 253 2246 Mihi,
276 2192 310 2236 ut
332 2165 455 2252 videtis,
481 2183 598 2238 Latinae
623 2184 736 2254 linguae
759 2186 893 2239 modicus
917 2197 1077 2248 estuans,
1102 2182 1151 2251 qui
1176 2181 1207 2235 in

152 2269 290 2326 barbarie
308 2254 562 2342 scholasticorum
585 2275 742 2330 doctorum
766 2284 890 2332 aetutem
915 2273 1079 2329 consumsi.
1114 2271 1207 2341 igitur

151 2377 213 2416 vos
231 2379 291 2416 noa
310 2364 421 2432 fallant,
440 2364 568 2419 obsecro
586 2366 615 2420 lu
632 2365 782 2431 Domino,
800 2365 865 2421 sive
878 2363 907 2419 T
910 2363 1080 2433 igurenses,
1095 2360 1208 2416 Bullin-

151 2468 224 2521 ger,
240 2451 427 2520 Peliicanus,
451 2471 548 2526 neque
567 2457 630 2527 ipse
647 2455 798 2522 Bucerus,
824 2456 874 2527 qui
892 2454 1000 2509 dicitur
1015 2454 1043 2507 in
1061 2450 1204 2523 principio

151 2543 320 2611 tragoediae
338 2545 426 2598 multa
446 2544 548 2599 Latine
566 2545 725 2615 scripsisse
743 2546 834 2617 (quae
845 2537 871 2609 8)
888 2561 947 2597 uon
963 2542 1049 2610 vidi),
1066 2543 1117 2595 sed
1129 2541 1205 2611 jam.

150 2631 265 2686 dudum
283 2624 309 2695 9)
328 2635 488 2705 resipuisse
507 2634 579 2689 mihi
597 2635 770 2706 persuadeo.
806 2633 887 2708 Quin
909 2633 934 2686 si
959 2634 1033 2686 lorte
1055 2629 1204 2685 audieritis

148 2720 399 2794 Dn.Philippum
418 2727 464 2779 vel
479 2723 647 2780 Lutherum
665 2723 855 2779 consensisse
873 2723 990 2778 illorum
1007 2720 1116 2786 furori,
1134 2734 1206 2790 pro.

149 2822 222 2884 pter
237 2811 338 2866 ileum
360 2814 458 2887 nolite
477 2816 611 2870 credere.
645 2815 693 2870 Sic
718 2815 797 2869 enim
819 2812 905 2868 audio
932 2812 998 2868 illos
1023 2811 1067 2865 vel
1089 2811 1204 2879 aliquos

148 2901 272 2956 illorum
296 2905 439 2973 sparsisse
465 2921 632 2971 rumorem,
661 2914 693 2975 ut
717 2902 828 2959 erroris
854 2901 899 2958 eui
928 2900 1092 2974 pestilentis
1118 2898 1206 2954 etiam

149 2992 210 3046 sub
227 3004 329 3049 nostro
346 2996 466 3050 uomina
483 2994 679 3068 patrocinium
703 3006 732 3048 et
752 2992 936 3048 autoritatem
954 2991 1105 3046 habereut.
1138 2987 1205 3043 No.

149 3081 203 3137 lite
227 3083 368 3149 credere,
393 3083 789 3158 Pseudoprophetaesuut,
816 3083 866 3154 qui
885 3081 1005 3139 Galatas
1030 3080 1204 3134 subvertere

151 3171 267 3227 volunt.
301 3173 357 3228 Sed
380 3173 404 3227 si
421 3174 573 3230 Dominus
596 3190 644 3227 me
669 3172 749 3228 volet
773 3171 879 3227 diutius
897 3173 1018 3239 vivere,
1043 3171 1126 3242 plura
1143 3169 1205 3223 lor.

149 3275 233 3318 tasse
243 3264 279 3328 ιο)
297 3263 325 3318 in
343 3264 496 3336 publicum
512 3263 599 3324 dabo.
632 3261 879 3329 valetudinarius,
897 3276 1010 3327 senex,
1029 3262 1111 3332 piger
1125 3273 1204 3325 sum,

149 3365 181 3409 et
198 3351 305 3407 horam
321 3341 428 3422 gratiae
445 3339 609 3426 exspecto,
632 3369 720 3423 quam
745 3365 775 3407 et
797 3368 853 3406 vos
877 3368 932 3405 oro
958 3364 987 3405 ut
1007 3349 1114 3405 vestris
1138 3364 1205 3403 ora.

148 3443 283 3499 tionibus
299 3444 370 3498 mihi
390 3443 559 3514 impetretis.
592 3442 744 3501 Dominus
759 3441 965 3496 nosterdesus
977 3438 1132 3506 Christus,
1151 3439 1203 3510 qul

146 3551 209 3589 -nos
234 3545 262 3589 et
284 3549 340 3589 vos
365 3534 483 3589 vocavit
506 3544 536 3588 et
552 3533 581 3588 in
599 3531 704 3588 eodem
722 3533 826 3603 spiritu
842 3531 994 3588 unanimes
1013 3517 1042 3586 et
1059 3530 1202 3587 univoeee

199 3817 221 3868 l)
237 3814 323 3861 dudd.
344 3814 485 3861 codootll.
504 3813 618 3861 latellexl
632 3815 686 3866 ltatt
699 3814 806 3862 Alterum
818 3838 844 3848 -
856 3810 956 3859 aclllcet.
1006 3811 1027 3864 2)
1045 3811 1071 3856 ll.
1089 3809 1151 3857 cll.
1169 3813 1202 3857 et.

146 3888 383 3941 3)B.0.G.etiam.
432 3890 455 3940 al)
470 3889 497 3935 ll.
510 3889 572 3935 c.ti.
587 3899 736 3945 oppugnare.
785 3890 807 3941 5)
824 3887 849 3933 ll.
865 3884 1001 3932 c.(i.·-in
1015 3887 1042 3932 G.
1059 3890 1093 3933 et.
1141 3884 1200 3936 ull.

148 3963 241 4010 malim.
289 3961 545 4015 llll.c.tl.0alllco.
592 3962 746 4020 uuquam.
795 3958 998 4017 luceamus
1048 3958 1199 4014 illudo.

148 4037 264 4070 santonia
