2616 4710
90 512 184 585 hauc,
202 507 263 572 non
281 525 455 590 recepturos
473 535 529 575 nos
546 520 638 575 ullam
654 494 800 588 liturgiam
819 520 885 573 sine
902 509 1128 572 communican-

90 605 163 676 bua,
189 610 258 680 quia
284 611 393 666 nemini
418 610 486 666 licet
509 613 663 666 instituere
686 612 784 665 cultus
810 611 874 664 aine
894 609 1030 663 mandato
1048 605 1125 662 Deir

90 696 125 752 de
142 708 241 752 autem
260 701 461 784 spectaculum
479 700 638 755 baberetur
656 718 710 772 pro
728 701 809 755 cultu
828 699 998 754 necessario
1016 695 1126 753 Eccle-

90 802 146 853 ae,
164 799 193 842 et
211 788 408 844 discernendo
425 792 678 845 manducatione
691 791 804 862 populi:
823 805 915 861 quare
928 802 1052 860 prorsus
1064 802 1128 846 non

90 877 273 948 rcipiendum
292 889 349 934 est.
381 880 607 950 Repnllninrent
624 897 729 935 omnen
748 879 856 963 abrasus
870 879 988 933 Coenae
1001 874 1127 932 Domini

90 966 128 1021 ‘tc
139 967 234 1020 lomna
246 983 384 1040 recepta,
402 970 501 1024 ararim
514 971 592 1023 cuim
605 970 753 1024 diceretur
769 970 797 1023 id
809 968 1011 1040 spectaculum
1024 967 1126 1021 cultus
1221 990 1227 1003 .

90 1070 140 1111 cce
167 1050 206 1110 etc
231 1074 322 1127 opere
340 1069 473 1127 operato.
507 1058 574 1113 Nec
598 1060 789 1113 adferendum
812 1071 857 1113 eut
873 1057 935 1112 hnc
951 1055 1127 1127 exemplum

90 1146 271 1201 leviticarum
291 1149 537 1202 ceremoniarum.
572 1149 633 1202 liae
656 1160 738 1202 erant
758 1148 932 1219 paedagogia
950 1146 1072 1218 pupuli,
1098 1151 1128 1200 et

90 1232 112 1291 b
138 1251 203 1289 eam
221 1252 341 1291 caucana
359 1240 520 1292 servandae
539 1251 636 1305 erunt,
661 1257 721 1293 non
744 1250 775 1293 ut
792 1238 899 1292 cuitus.
934 1240 973 1291 At
998 1238 1026 1291 in
1044 1251 1127 1290 novo

90 1322 271 1380 luctamenta
295 1326 391 1380 nullae
417 1328 603 1397 ceremoniae
630 1328 694 1381 sine
720 1326 774 1380 iirle
806 1327 931 1398 placent.
972 1324 1067 1381 Liber
1090 1323 1129 1379 ait

90 1426 144 1469 aua
160 1413 251 1484 hujus
276 1416 478 1484 ceremoniae,
504 1427 536 1469 ut
554 1415 663 1472 Paulus
689 1417 799 1488 iuquite
824 1413 942 1470 Probet
965 1430 998 1470 se
1020 1413 1149 1486 ipsum

90 1502 183 1574 bmon,
207 1505 299 1560 etsie
315 1507 454 1578 depone
476 1506 532 1561 illo
549 1508 632 1562 edat.
667 1505 706 1562 Et
723 1519 838 1561 maneat
862 1508 956 1560 lcrma
971 1504 1128 1581 ministerii

101 1591 229 1649 Christo
246 1593 376 1650 instituta
402 1604 431 1650 et
448 1596 602 1651 observata
620 1596 731 1667 aliquot
754 1597 883 1650 saeculis
908 1596 938 1649 in
956 1595 1048 1667 prima
1066 1593 1127 1648 Ec.

90 1682 174 1739 lesia.
207 1683 274 1740 Nec
290 1685 374 1755 queri
393 1696 520 1757 poscunt
536 1687 715 1754 adversarii,
732 1701 789 1741 noa
806 1686 843 1740 ab
860 1685 996 1741 Ecclesia
1013 1685 1128 1740 discen.

90 1788 145 1842 re,
161 1775 186 1828 ui
204 1774 275 1829 illud
291 1778 495 1847 spectaculum
512 1777 640 1831 nolimus
658 1753 803 1848 recipere.
838 1775 899 1848 ipsi
914 1776 1009 1848 potina
1027 1790 1128 1829 avere

90 1863 206 1919 lveteri
220 1862 357 1919 Ecclesia
369 1865 555 1933 dissentiunt,
572 1865 623 1936 qui
635 1881 752 1920 morem
763 1863 981 1938 amplectuntur
992 1863 1127 1933 ignotum

90 1953 165 2027 eteri
182 1951 347 2009 Ecclesiae.
381 1953 578 2010 Postulabunt
601 1965 631 2011 et
655 1954 741 2020 illud,
766 1965 799 2010 ut
816 1954 1015 2027 approbemur
1039 1968 1128 2010 neum

90 2042 158 2098 uiua
169 2043 260 2114 partis
272 2043 468 2111 Sacramenti‚
486 2045 539 2100 aed
551 2044 685 2100 assentiri
698 2062 757 2100 nun
770 2060 948 2117 poscumus:
968 2062 1029 2099 non
1047 2043 1127 2099 cuitu
1199 2057 1213 2081 ·

90 2139 144 2188 icet
160 2133 248 2188 nobis
266 2133 385 2189 abolere
403 2134 567 2189 inatilutum
580 2134 699 2190 Christi.
733 2135 885 2190 Sensimus
903 2150 957 2188 eoa
968 2134 1141 2189 admodum·

90 2224 199 2278 rariter
217 2224 313 2290 ferre,
333 2240 401 2277 cum
419 2234 540 2294 propter
551 2235 737 2279 mortuorum
755 2225 975 2280 invocationem
989 2210 1129 2281 aiennaci

90 2308 254 2368 lololatrae.
287 2313 360 2368 Ideo
385 2323 527 2385 quaerent
550 2330 663 2369 novum
686 2323 890 2402 praetextum,
915 2314 1015 2369 dicent
1036 2313 1129 2369 licere

90 2394 143 2458 ici:
170 2400 232 2458 Ora
256 2418 313 2472 pro
330 2402 433 2467 nobis,
460 2413 561 2457 sancte
580 2401 678 2458 Perre
712 2402 780 2458 Nec
801 2403 878 2458 hanc
902 2405 1027 2458 formam
1051 2401 1129 2458 reci.

91 2490 204 2547 iemua:
222 2508 288 2545 nam
302 2493 399 2546 omnis
412 2493 561 2548 invocatio
573 2493 701 2548 absentia
710 2493 811 2548 tribuit
824 2493 863 2548 illi
874 2493 1128 2566 omnipotentiam

90 2580 214 2651 lenique
230 2585 325 2635 variae
349 2582 523 2635 arbitramur
541 2583 711 2653 praestigiae
731 2583 955 2650 excogitatur-oe
979 2599 1067 2650 ease,
1091 2581 1134 2639 ad

90 2671 275 2725 xcusandam
295 2682 324 2726 et
342 2667 521 2726 retinendam
541 2673 669 2726 radicem
695 2673 871 2743 impietatis,
896 2685 927 2728 et
949 2685 980 2727 ut
997 2673 1128 2730 Proteus

90 2761 173 2814 mnia
188 2777 331 2815 versuros
355 2778 421 2816 aeae
446 2763 475 2816 in
499 2764 639 2815 miracula
664 2778 772 2817 rerum.
808 2763 864 2818 Sed
882 2763 1006 2818 omniuo
1022 2764 1130 2819 decre.

92 2851 186 2918 imur,
212 2868 269 2905 nec
287 2852 322 2904 de
341 2851 396 2906 illis
415 2851 503 2906 rebus
522 2853 680 2920 externis„
697 2868 771 2924 quas
792 2854 1017 2921 recensuimus,
1043 2855 1142 2925 quida„

90 2957 163 3012 ¹num
195 2940 369 2994 adversariis
393 2941 501 3009 largiri.
544 2941 588 2994 Ad
615 2940 669 2995 has
696 2942 881 3011 adjungimus
904 2944 966 2996 lroc
988 2960 1126 3016 quoquet

90 3046 223 3101 unquam
242 3031 392 3102 probaturi
408 3048 511 3084 sumus
524 3031 678 3086 Pontificiu
690 3033 816 3088 Romani
829 3044 1020 3106 potestatem,
1038 3050 1128 3107 quam

89 3120 127 3176 ibi
141 3122 231 3175 suntit
242 3137 330 3192 supra
345 3132 480 3175 caeteros
492 3121 672 3192 Episcopus.
708 3123 769 3197 Qui
783 3123 895 3177 etiamsi
908 3123 989 3178 volet
1001 3125 1132 3180 ronasce

90 3209 180 3282 liquid
199 3210 294 3279 largiri
311 3210 397 3266 nobis
414 3209 564 3277 barbaris,
588 3223 620 3264 ut
639 3227 693 3265 nos
712 3225 815 3279 vocat,
839 3224 937 3268 tamen
956 3213 984 3267 in
1002 3214 1128 3271 caeteria

90 3407 141 3446 eae
160 3391 383 3459 AntichristuS,
408 3402 440 3445 ut
456 3391 567 3447 Paulus
595 3391 748 3461 significat.
783 3392 883 3468 Quare
905 3393 1037 3449 stabilire
1063 3381 1127 3465 e'jna
1157 3439 1163 3454 .

90 3482 258 3551 praunidetn
277 3483 431 3536 nonlicet.

135 3571 242 3626 Tertia
261 3588 329 3643 parc
346 3570 563 3626 deliberationis
581 3580 627 3626 eat
644 3573 681 3626 de
699 3570 789 3626 rebus
807 3571 974 3644 adiaphoris
981 3581 1042 3643 „ut
1058 3581 1134 3632 euul-

90 3661 185 3733 liqnae
202 3662 230 3715 in
248 3662 365 3731 templis
384 3661 529 3716 lectiones
549 3662 628 3731 piae,
654 3663 781 3717 vestitus
804 3672 833 3716 et
856 3663 976 3718 similia:
1001 3664 1072 3719 item
1090 3665 1127 3720 de

90 3752 294 3823 ¹.piucoporum
313 3749 484 3818 autoritate,
506 3750 715 3820 jurisdictione
733 3763 762 3805 et
776 3752 972 3813 ordinatione.
1006 3753 1057 3810 De
1076 3753 1126 3812 hia

90 3840 163 3896 ebus
180 3840 224 3910 agi
240 3839 312 3894 nihl
294 3850 430 3911 potest
437 3878 446 3905 ,
464 3839 518 3893 niui
536 3839 618 3910 prius
636 3856 707 3895 vere
726 3842 883 3897 conveniat
900 3843 936 3897 de
953 3843 1085 3899 ddctrina
1097 3853 1127 3900 et

90 3948 108 3985 e
126 3929 216 3985 rebus
233 3929 418 3984 necessariis.
453 3929 482 3984 Si
501 3928 644 4000 Episcopi
661 3929 815 3986 mordicus
828 3930 994 3989 retinebunt
1007 3948 1128 3992 errores
1155 3986 1160 3990 .

89 4033 102 4078 t
118 4035 223 4094 tmpus
240 4017 445 4088 ceremonias,
468 4034 593 4076 necesse
619 4029 665 4119 eat
681 4017 823 4102 Paulinae
839 3992 968 4094 regulae
974 4023 1127 4098 obtempea
1146 4051 1151 4068 ι
