2730 4724
143 313 206 383 262
622 308 715 381 1540.

141 485 207 543 est,
224 474 378 531 credamus
391 492 462 531 sane
473 473 643 540 Lundeosi,
661 491 722 529 uon
739 468 1183 546 ialsoprotnittl'tldm

140 566 179 619 de
197 568 374 631 concordia:
401 584 438 621 ne
454 566 511 620 bae
529 567 650 639 quidem
666 578 771 619 vacant
792 564 938 637 periculo.
972 562 1011 619 tu
1036 560 1183 635 optandum

141 666 205 722 est,
229 658 367 711 Carnium
385 675 457 712 vere
480 669 510 711 et
533 672 573 713 ex
597 648 694 712 animo
711 656 789 710 velle
804 654 971 724 Evangelio
989 668 1076 708 stram
1096 651 1183 706 lucent

138 747 251 802 restitui
268 758 297 802 et
315 747 429 802 divinae
447 752 515 809 voci
532 765 653 820 parere,
678 763 755 819 quae
776 743 898 815 regibus
916 744 1128 809 concionatur,
1146 739 1182 794 in.

139 836 262 907 quiens:
287 837 335 891 Et
358 854 444 909 rtunp
460 840 568 912 Reqes
591 835 777 910 intelligite:
802 835 841 889 ita
861 817 1055 889 metuendum
1077 842 1135 899 est,
1155 837 1183 883 ut

138 940 221 999 outre
237 926 327 997 'atilae
351 939 419 981 sunt
436 927 540 997 plenae
557 926 757 998 sophistices,
781 925 842 979 hoc
863 934 981 993 agatur,
1005 929 1038 975 ut
1058 931 1119 977 arte
1138 917 1183 973 ob.

137 1027 243 1070 ruatur
266 1032 336 1070 vera
354 1014 489 1075 doctriua
506 1015 594 1070 novis
620 1014 793 1086 praestigiis.
826 1013 860 1068 In
878 1012 998 1082 Synodo
1016 1006 1183 1081 Syrmtenri,

137 1119 209 1158 oum
222 1105 416 1171 Constantius
434 1106 608 1161 dissidentes
621 1105 774 1161 Ecclesias
788 1104 946 1159 conciliare
963 1101 1115 1168 studeret,
1130 1113 1184 1153 non

139 1211 243 1254 errore
262 1195 396 1261 sublato,
413 1197 466 1251 sed
485 1196 604 1263 fucato,
622 1194 796 1265 Symbolum
808 1192 962 1250 Nicenum
979 1200 1126 1247 mutatum-
1136 1198 1184 1254 est,

137 1293 169 1338 et
187 1286 320 1355 quaesita
338 1301 401 1340 vox
427 1283 562 1354 ambigua
579 1283 767 1349 communis,
791 1298 880 1355 quam
898 1290 1002 1336 neutra
1023 1295 1094 1357 pars
1109 1293 1185 1350 repu-

136 1373 250 1441 diaret,
268 1375 376 1445 placuit
394 1376 464 1446 poni
482 1391 537 1446 pro
555 1372 696 1448 inrrorip,
714 1368 812 1438 inurar:
837 1371 890 1427 sed
907 1371 996 1442 paolo
1013 1380 1082 1442 post
1098 1372 1186 1441 erupit

135 1467 365 1529 malumrursus
378 1466 473 1522 multo
488 1465 658 1533 violentius,
676 1465 791 1521 ethaeo
809 1463 870 1536 ipsa
887 1461 1065 1533 ambiguitas
1079 1459 1188 1533 peperit

135 1573 215 1613 novo
233 1557 404 1619 certamina.
438 1556 551 1613 Eadem
570 1570 692 1627 prorsus
710 1555 774 1624 jam
792 1552 876 1622 flent,
899 1552 925 1608 si
950 1552 1107 1620 agetur-de
1123 1566 1187 1605 con.

133 1646 248 1701 cordia.
283 1646 404 1705 Vidistis
420 1645 498 1700 haud
517 1645 605 1705 dubie
617 1644 796 1700 coloniense
814 1642 977 1715 scriptum,
994 1640 1023 1697 in
1040 1658 1102 1714 quo
1118 1638 1202 1716 affin..

135 1747 246 1806 guntur
257 1737 399 1792 abusibus
413 1737 635 1792 commodiores
652 1735 919 1808 interpretationes.
951 1731 993 1788 Et
1006 1731 1071 1789 laus
1089 1730 1189 1803 ingenii

135 1826 276 1899 potatui,
304 1827 359 1881 has
386 1827 566 1899 sophisticas
594 1826 710 1895 glossas
738 1824 924 1892 excogitaret
952 1821 1053 1893 itaque
1081 1822 1190 1879 Romae

131 1916 197 1988 jam
215 1928 245 1972 et
262 1918 290 1971 in
304 1916 407 1972 Galliis
424 1918 451 1971 in
470 1917 660 1972 admiratione
673 1924 743 1970 sunt
760 1913 888 1969 artifices
899 1912 1006 1967 batum
1018 1912 1190 1982 glossarum.

117 1990 120 1995 ⁸
135 2004 204 2061 Huc
215 2007 488 2075 ergodecurretur,
507 2004 620 2060 articuli
632 2015 847 2076 proponentur,
860 2013 895 2064 ut
908 2018 1028 2057 errores
1043 2014 1075 2057 et
1086 2002 1190 2057 abusus

134 2095 207 2166 picti
232 2094 311 2149 focis
336 2095 513 2165 quibusdam
531 2095 731 2150 restituantur.
762 2091 931 2160 Fortassis,
958 2102 992 2147 ut
1013 2107 1086 2145 esca
1102 2091 1191 2163 aliqua

136 2184 250 2238 deliniti
272 2185 482 2251 assentiamur,
506 2183 593 2240 nobis
620 2199 742 2255 quoque
759 2182 911 2237 donabunt
934 2181 1051 2252 aliquos
1073 2191 1191 2237 nostros

135 2273 290 2327 articulos.
323 2272 442 2331 Deinde
462 2272 608 2342 jubebunt
625 2289 681 2328 uos
700 2272 858 2326 consulere
876 2287 937 2328 noo
953 2270 1041 2325 nobis
1064 2282 1190 2337 tantum,

134 2363 189 2418 aed
215 2365 301 2416 etiarn
327 2364 453 2417 caeteris
478 2362 666 2430 nationibus,
693 2378 768 2432 quae
794 2361 1000 2431 deterreantur
1026 2377 1043 2414 a
1071 2361 1191 2415 meliore

136 2452 290 2520 doctriua,
308 2452 332 2506 si
345 2453 492 2508 horridius
510 2453 607 2507 omnia
619 2463 720 2506 nostra
738 2451 897 2507 defendere
913 2451 1049 2506 velimus.
1083 2450 1193 2507 Dicent

135 2544 174 2598 de
191 2544 331 2616 periculis
349 2543 477 2597 civilium
495 2542 661 2611 bellorum,
685 2543 776 2597 satius
795 2557 881 2610 esse,
904 2541 1073 2595 mediocres
1090 2540 1192 2597 Eccle-

135 2634 208 2702 sias‚
224 2651 311 2705 quum
323 2635 418 2689 nullas
431 2632 553 2690 habere·
580 2632 639 2698 ilos
651 2649 744 2686 voces
758 2632 787 2687 iu
802 2631 1000 2686 conventibus
1013 2631 1072 2686 dici
1085 2632 1191 2687 scimus

135 2725 224 2780 etiam
242 2742 257 2777 a
277 2725 403 2792 nostris,
428 2736 457 2778 et
474 2725 571 2778 valent
588 2722 664 2776 haec
682 2733 854 2790 argumenta
878 2723 953 2792 apud
970 2722 1113 2779 homines
1129 2739 1192 2796 pro.

134 2816 238 2883 fanos,
262 2827 430 2870 metuentes
455 2815 516 2869 suis
544 2813 648 2886 opibus
675 2822 724 2866 sut
747 2811 947 2881 voluptatibus
957 2851 966 2880 ,
994 2830 1126 2883 quorum
1152 2824 1193 2867 est

136 2904 247 2975 ubique
275 2921 377 2974 magna
395 2905 563 2959 multitudo.
611 2900 756 2964 Fortassis
782 2915 811 2956 et
833 2903 958 2958 iusidiae
981 2914 1119 2971 spectant
1143 2920 1191 2968 eo,

135 3005 170 3050 ut
195 2996 399 3065 disjungantur
422 2995 648 3065 uostri‚,quos
676 2993 833 3048 adversarii
860 2993 968 3066 alioqui
994 3009 1054 3048 non
1082 2995 1193 3066 optime

136 3084 303 3139 cohaerere
316 3083 424 3140 vident.
462 3082 557 3137 Erunt
570 3099 641 3151 ergo
654 3082 753 3154 aliqui,
771 3083 821 3155 qui
834 3082 923 3137 levari
938 3099 1019 3151 cura,
1034 3084 1193 3152 sumtibus,

90 3219 97 3235 .
135 3175 279 3247 periculis
296 3175 415 3243 volent,
444 3190 511 3228 eam,
532 3173 572 3227 ob
590 3189 709 3229 causam
729 3173 799 3227 boni
822 3175 979 3228 consulent
996 3190 1105 3229 munus
1124 3175 1194 3228 Cae.

138 3266 232 3333 suris,
257 3267 356 3325 dicent
378 3282 410 3319 so
428 3264 464 3317 de
482 3262 605 3323 coeteris
624 3281 682 3318 non
708 3274 889 3334 pugnaturos
913 3279 998 3331 esse,
1024 3266 1194 3334 fugiendum

138 3372 207 3410 esse
232 3355 318 3410 civile
341 3355 463 3409 bellurn.
497 3355 576 3410 Tam
599 3355 677 3408 varia
701 3355 828 3425 pericula
849 3370 919 3408 cuin
944 3353 1009 3408 ilbte
1036 3355 1195 3410 insidiosae

138 3446 376 3517 compositiones
401 3445 538 3499 allaturae
563 3443 638 3510 sint,
668 3444 802 3513 profecto
828 3443 883 3512 piis
907 3459 984 3515 opus
1011 3456 1056 3499 est
1080 3445 1195 3500 adferre

138 3539 253 3588 animos
271 3533 347 3589 benc
365 3549 483 3606 paratos
500 3550 534 3588 ac
552 3531 762 3600 confirmatos,
786 3550 862 3604 opus
881 3543 926 3588 est
944 3533 1029 3587 etiam
1048 3535 1091 3589 eis
1109 3535 1195 3591 firmo

139 3641 291 3681 consensu
314 3626 389 3679 iuter
406 3641 483 3679 sese.
518 3625 619 3698 Quare
643 3636 675 3678 ut
699 3624 821 3679 consilia
840 3624 1119 3694 communicemus,
1143 3627 1196 3680 du·

137 3713 239 3769 ximus
261 3714 349 3769 vobis
375 3712 594 3781 significandum
621 3728 689 3767 esse
714 3728 861 3767 summam
887 3724 1005 3767 nostrae
1032 3717 1195 3771 sententiae

138 3821 175 3858 ac
193 3805 288 3869 nostri
307 3804 443 3870 consilii,
460 3820 496 3857 ao
514 3804 641 3873 petimus
658 3790 808 3869 vicissim,
827 3817 857 3856 ut
873 3815 1003 3859 vostram
1021 3810 1195 3863 sententiam

139 3893 232 3950 nobis
245 3892 426 3962 significetis.
458 3891 524 3947 Etsi
542 3893 620 3947 enim
641 3893 774 3947 fortassis
793 3906 858 3947 sum
877 3895 952 3963 spud
971 3911 1026 3948 nos
1037 3934 1047 3962 ,
1065 3907 1097 3949 ut
1115 3896 1194 3963 alibi,

137 3982 277 4042 homines
302 3982 437 4057 profrui,
468 3983 518 4055 qui
542 3981 616 4038 hacc
643 3985 801 4037 certamina
828 3984 961 4053 judicant
992 4000 1060 4040 esse
1093 3986 1195 4043 inanes
