2616 4710
596 306 687 388 isid:
858 260 860 267 V
1107 303 1169 380 ets

121 457 309 524 veneratur
323 468 356 523 tn
375 434 502 526 cirrata
521 469 621 539 Vtro,
648 470 715 525 on.
734 469 874 543 ocorqro
888 466 1078 540 spalatino,
1101 465 1169 520 se.

183 557 353 612 cleriorum
371 558 507 614 Misnce
523 559 819 630 Super-attendenti,
835 557 1083 631 Altanum-qens.
1099 553 1170 610 Pu·

184 647 266 702 stori
274 643 486 717 fidelissimo,
502 664 561 705 suo
577 649 613 704 in
630 648 770 737 Domino
787 648 989 712 nitorissimo.

120 781 265 883 Gratiam
282 838 309 883 et
328 845 433 901 pacem
450 846 466 883 a
483 827 634 898 Domino,
658 839 688 885 et
703 816 942 891 consolationem
958 824 1082 898 Spiritus
1100 823 1170 880 San.

120 919 177 983 cti,
200 921 307 972 Amen.
342 919 393 975 Ex
415 920 512 975 animo
537 919 589 976 tibi
611 920 796 992 compatior,
820 919 932 991 optima
948 917 989 975 mi
1007 914 1171 988 spalatina,

119 1008 346 1079 Dominamque
364 1025 489 1080 precor,
513 1019 546 1066 ut
568 1021 599 1066 te
621 1010 744 1065 roboret
766 1020 797 1064 et
821 1008 974 1063 exhilaret.
1008 1004 1171 1082 Quaerenti

120 1109 216 1152 autem
235 1097 326 1166 milti,
345 1098 483 1170 quidnam
499 1097 596 1154 morbi
615 1098 777 1170 patereris,
794 1097 821 1163 ¹)
844 1111 1021 1169 responsuro
1038 1104 1101 1163 est,
1118 1109 1172 1165 pu.

119 1199 181 1242 tare
198 1187 332 1258 aiiqnos,
349 1187 376 1251 ²)
394 1199 423 1242 te
441 1187 545 1259 spiritu
560 1185 591 1253 3)
609 1187 741 1243 tristitiae
759 1185 913 1253 exerceri,
931 1195 1053 1258 propter
1069 1191 1175 1240 casum

121 1275 203 1330 ilium
221 1275 362 1345 parochi.
380 1276 430 1349 qui
448 1291 610 1331 novercam
627 1277 731 1332 uxoris
748 1291 819 1332 suaa
836 1253 988 1330 temncn‘e
1004 1270 1132 1328 duxerit.
1144 1268 1177 1337 ἰ)

122 1365 214 1440 Quod
231 1367 254 1419 si
273 1366 311 1420 ita
328 1377 391 1435 est,
417 1382 471 1438 per
490 1365 642 1421 Christum
660 1365 828 1422 Dominum
843 1375 873 1420 te
890 1362 1086 1437 oro-quantis
1103 1376 1176 1435 pos.

121 1471 188 1510 sum
205 1454 299 1519 votis,
325 1466 356 1508 ιιι
375 1464 510 1526 superte
528 1464 558 1509 et
574 1454 604 1508 in
621 1454 678 1510 tuis
696 1451 924 1523 cogitationibus
941 1466 1003 1509 uon
1018 1461 1099 1519 stes,
1121 1447 1177 1507 sod

121 1543 218 1599 audias
237 1546 356 1598 fratrem
375 1545 403 1598 in
421 1533 542 1600 Christo
560 1545 732 1616 loquentem
756 1541 818 1602 tibi.
852 1541 974 1615 Alioqui
990 1541 1108 1598 tristitia
1123 1557 1177 1597 oc.

121 1635 197 1688 cidet
215 1647 262 1703 ta,
287 1651 380 1705 quae,
405 1644 438 1689 ut
453 1633 565 1690 Paulus
588 1634 675 1702 dicit,
700 1643 828 1689 mortem
848 1640 1003 1704 operatur,
1027 1631 1106 1687 sicut
1121 1646 1177 1688 ex.

122 1735 225 1796 pertus
251 1735 315 1777 sum
341 1724 369 1778 in
386 1740 435 1778 me
458 1723 524 1794 ipso
547 1724 665 1796 saepius
688 1734 715 1776 et
739 1739 815 1778 anuo
834 1716 970 1778 MDXL.
989 1721 1122 1776 vinarias
1146 1719 1177 1778 iu

121 1814 170 1870 M.
188 1813 345 1885 Phiiippo,
365 1830 453 1884 quem
472 1815 500 1868 in
517 1829 587 1869 casu
604 1812 778 1883 Landgravii
796 1813 859 1884 jam
876 1811 1029 1872 occiderat
1042 1810 1177 1878 tristitia,

122 1906 174 1960 sed
192 1905 329 1960 Christus
349 1921 402 1976 per
419 1920 454 1958 os
474 1919 575 1958 meum
599 1903 755 1960 suscitavit
776 1919 855 1960 eum.
887 1901 981 1971 Esto,
1008 1902 1090 1975 quod
1107 1915 1178 1958 raus
1232 1911 1238 1916 ”

121 1995 212 2050 fueris
230 2005 257 2049 et
277 1995 449 2066 peccaveris
468 1992 498 2049 in
515 1994 574 2049 isto
595 2009 685 2061 casu,
707 1992 756 2048 vei
778 1992 864 2066 plura
886 2003 916 2049 at
936 1993 1068 2063 majora,
1085 2007 1177 2063 quam

119 2084 297 2153 Manasses,
322 2084 512 2156 peccaveris,
536 2083 623 2153 cujus
647 2083 766 2138 fueram
785 2082 922 2139 scandala
938 2082 1107 2138 insanabilia
1122 2097 1179 2155 per

121 2186 218 2231 totum
237 2185 355 2245 tempus
369 2174 549 2244 posteritatis
565 2188 661 2245 usque
676 2172 712 2229 ad
725 2171 937 2229 desolationem
949 2172 973 2228 J
974 2163 1177 2240 erusalsmt⁴)

121 2278 204 2324 tuum
230 2284 303 2321 vero
328 2266 414 2322 facile
438 2274 485 2321 est
508 2264 636 2321 sanabile
662 2253 994 2337 et'temporaia'valda:
1020 2275 1104 2334 esto,
1133 2262 1178 2320 io.

121 2373 228 2428 quam,
246 2356 293 2411 sis*
304 2371 391 2412 reus:
417 2355 562 2427 numquid
579 2355 646 2409 ideo
658 2354 781 2418 'tristitia
798 2365 827 2409 ta
844 2353 1006 2424 coniicias,
1031 2359 1061 2411 et
1081 2352 1177 2410 multo

120 2448 235 2518 majora
251 2447 279 2501 in
293 2458 321 2501 te
335 2447 431 2516 ipsum
444 2443 610 2500 occidendo
622 2443 785 2515 peccabis?
802 2443 907 2500 sufficit
919 2460 1082 2517 peccasse,
1099 2454 1179 2503 mn·

122 2549 186 2593 sest
198 2546 374 2608 peccatum,
388 2547 491 2589 ‘cesset
509 2533 621 2589 tristitia
638 2535 734 2602 major
749 2533 914 2605 peccatrix.
947 2533 1053 2602 Nolo3
1071 2534 1176 2606 iuquit,

122 2634 257 2682 mortem
271 2623 471 2696 peccatoris,
495 2623 554 2678 sed
575 2629 610 2676 at
628 2622 739 2696 potius
760 2629 983 2692 concedatur,
1008 2630 1039 2678 et
1059 2639 1177 2680 rursus

122 2717 216 2771 vivat.
233 2713 403 2786 Numquid
430 2712 459 2768 in
488 2725 517 2768 tc
545 2727 604 2767 uno
633 2711 800 2772 abbreviata
824 2721 870 2768 est
897 2727 1002 2770 manus
1026 2713 1177 2772 Domini?

123 2805 278 2876 Numquid
304 2805 333 2859 in
359 2815 386 2858 te
412 2803 478 2857 soio
504 2802 590 2857 desiit
611 2801 784 2857 misericors
808 2811 838 2859 st
860 2803 1015 2859 miserator
1034 2796 1066 2869 ⁵)
1089 2799 1184 2861 assai¹

123 2894 279 2966 Numquid
297 2903 328 2948 tu
345 2893 428 2949 solus
447 2893 558 2947 efficies
573 2903 624 2947 tuo
641 2902 785 2962 peccato,
802 2899 911 2950 utnon
927 2892 1179 2968 hebeamuspou·

123 2985 253 3054 tificem,
279 2985 330 3056 qui
356 2981 485 3054 compoti
509 2981 602 3053 possit
623 2981 734 3037 nostris
753 2980 989 3041 infirmitatibus?
1022 2978 1179 3056 Numquid

123 3078 232 3132 mirum
249 3085 297 3128 aut
311 3090 423 3128 novum
440 3087 507 3128 esse
526 3071 635 3139 credis,
653 3070 680 3127 si
696 3071 802 3127 virens
818 3071 847 3126 in
865 3087 963 3141 carne,
983 3081 1028 3134 tot
1044 3073 1177 3129 Daemo-

123 3183 196 3221 num
225 3164 321 3233 ignitis
349 3162 416 3218 telis
444 3151 704 3227 circumdatus,⁶)
731 3159 889 3233 aliquando
914 3160 1104 3230 vulneretur,
1128 3159 1178 3219 na

124 3266 328 3329 prosternatur
344 3253 452 3308 etiam?
464 3245 494 3317 7)
527 3249 642 3305 Videris
660 3248 731 3305 mihi
749 3267 809 3308 oon
824 3261 965 3324 expertus
979 3267 1044 3307 esse
1058 3253 1088 3308 io
1099 3252 1179 3310 tacta

124 3349 266 3402 adversus
289 3353 460 3418 peccatum,
485 3357 539 3397 seu
562 3340 770 3396 conscientiam
793 3351 824 3397 at
847 3342 962 3412 legam,
986 3340 1034 3398 vel
1059 3343 1177 3401 Satanas

128 3473 655 3502 --·--—---
1090 3468 1108 3509 a

174 3568 195 3610 p
216 3564 332 3612 (3.6.)(1).
352 3559 452 3619 pateris.
499 3525 804 3617 ndum-admon
851 3554 1178 3619 &tammam-dique!

128 3638 244 3694 spiritum.
294 3638 315 3687 ι)
331 3635 405 3681 codd.
416 3635 443 3679 G.
457 3645 525 3690 qoem
539 3631 634 3690 quiden
646 3645 680 3678 ιι.
694 3631 739 3678 ios.
754 3630 997 3693 ...Hierosolyma
1010 3634 1178 3693 seqoeamtar.

127 3714 149 3762 5)
163 3711 276 3757 coddso.
289 3706 399 3755 misereri
414 3709 439 3752 et
452 3704 598 3753 misericors.
647 3707 672 3760 6)
684 3704 759 3752 codd.
768 3706 797 3752 G.
810 3704 977 3756 circumactus.
1025 3708 1047 3760 7)
1060 3708 1086 3755 c.
1096 3708 1123 3756 ὓ.
1132 3708 1179 3759 tte.

127 3784 246 3830 -ettam

129 3903 355 3923 nur-*a*

178 3990 199 4036 o
220 3987 277 4041 sii.
290 3986 335 4036 ιιι.
349 3992 372 4035 ι.
384 3984 500 4041 aisn.
512 3979 749 4038 rinuuccxav..
762 3990 793 4032 a
805 3981 942 4040 mm,
963 3955 968 3961 '
