2730 4724
515 406 523 429 .
597 365 720 466 μισ.
1105 351 1200 444 ,ati

149 519 250 590 agitat.
272 521 343 575 ·Scrr
366 521 391 576 ai
406 521 482 577 haec
498 527 626 590 tantum,
643 534 676 579 ut
692 523 921 597 responderem,
940 527 973 602 et
986 530 1125 591 testarer,
1137 555 1140 564 ·
1150 529 1200 577 me

149 610 250 665 literas
266 623 380 666 vestras
398 611 563 682 accepisse:
581 611 607 678 ¹)
624 631 692 668 nam
709 616 775 670 talia
793 614 926 670 solemur
943 613 1121 687 familiariter
1138 612 1201 666 col.
1249 676 1254 684 ,

148 699 252 771 loqui,
270 698 338 752 durn
358 701 394 754 de
411 701 498 754 rebus
516 700 580 757 iatia
598 704 725 771 agimus:
743 703 868 776 denique
884 719 974 777 apero
986 717 1042 758 voa
1056 703 1084 756 in
1097 701 1201 756 itinere

148 800 329 860 accepturos
346 789 414 845 alias
432 789 532 845 literas
551 801 626 846 ettae.

215 902 322 958 Omnia
348 903 399 958 hic
426 890 506 958 salva
532 906 684 961 sunt.Dei
710 904 817 975 gratia,
842 904 899 959 nisi
926 903 1007 976 quod
1032 903 1121 958 velim
1145 916 1201 958 voa

150 992 385 1064 quamprimum,
404 994 463 1046 imo
476 993 652 1064 jamdudum
668 994 804 1049 rediisse.
839 993 934 1049 iratus
952 1009 1018 1049 aum
1036 993 1107 1050 satie
1123 991 1202 1047 Met

151 1091 215 1135 ater
231 1080 371 1150 Griokei,
396 1099 485 1153 quem
498 1094 576 1137 -ante
600 1078 730 1139 mortem
749 1100 846 1139 meam
862 1083 950 1156 cupio
968 1085 1028 1158 auia
1043 1080 1201 1138 virtutibus

151 1181 289 1224 ornatum
314 1171 401 1226 vobia
427 1172 605 1243 relinquere.
639 1172 710 1236 Vale
736 1173 765 1227 in
789 1172 934 1228 Domino.
974 1172 1071 1232 Saluta
1095 1183 1202 1226 omnes

150 1274 255 1326 meos,
281 1270 311 1314 et
333 1260 424 1314 dicito
449 1259 528 1315 salva
552 1276 620 1315 ease
637 1255 666 1314 in
683 1261 820 1315 domibus
838 1276 942 1317 eorum
959 1261 1068 1319 omnia.
1101 1261 1203 1336 Altera

149 1359 221 1420 port
243 1341 348 1414 {malo
371 1348 461 1418 solia,
479 1347 509 1414 l)
534 1365 625 1421 quem
642 1349 674 1403 in
689 1365 745 1405 auo
763 1349 864 1405 labore
881 1349 1007 1405 vidimus
1023 1349 1095 1404 duaa
1112 1348 1203 1405 hor'ai

151 1438 355 1494 tristissimum
373 1438 409 1492 ab
425 1438 536 1494 horai.
549 1439 693 1517 usquead
707 1443 732 1497 7.
746 1441 818 1494 iere.
852 1442 965 1495 Aeetae
977 1439 1052 1494 mala
1064 1437 1202 1507 inimicia,

151 1527 305 1597 Domine,
323 1541 352 1582 et
367 1529 396 1582 in
409 1529 527 1583 nomine
540 1537 592 1583 tuo
603 1528 703 1584 aalvoa
717 1542 774 1585 noa
786 1529 850 1598 iac,
868 1532 974 1585 Amen.
1007 1528 1081 1586 Mea
1092 1528 1204 1598 Ketha‚'

151 1634 229 1689 quae
247 1618 382 1690 perfecte
401 1619 546 1684 restituta,
561 1632 618 1673 voa
636 1618 877 1675 reverentissime
894 1616 1010 1687 salutat,
1027 1629 1056 1674 et
1071 1619 1201 1674 maxime

149 1696 209 1765 voa
227 1707 319 1778 diligit
335 1725 370 1762 ac
385 1723 534 1780 properae
552 1718 638 1763 amat.
661 1707 830 1774 (MDXL.)

203 1987 226 2031 ti
241 1981 301 2033 ert.
311 1986 339 2028 Α.
347 1982 388 2029 W.
398 1983 423 2029 e.
431 1984 458 2030 ὓ.
468 1983 541 2034 taire
549 1992 598 2030 aaa
608 1983 653 2031 aul
662 1984 710 2030 tua
720 1989 770 2030 aar.
776 1983 822 2033 tir.
830 1983 947 2038 iaitmttl
955 1983 1001 2031 mit
1010 1983 1203 2038 abundarem:

152 2057 199 2104 liic
211 2056 280 2103 ralia
293 2061 348 2103 aunt
361 2057 450 2103 onnia.
475 2057 525 2104 Noa
538 2068 648 2114 oramus,
662 2061 688 2104 et
699 2068 745 2103 noa
758 2056 867 2112 exaudiri
880 2062 949 2105 certo
961 2057 1094 2114 credimur,
1108 2057 1205 2105 etiamsi

153 2131 232 2177 adhuc
245 2131 362 2178 incertum
375 2133 426 2186 eat,
435 2134 458 2184 a)
471 2131 534 2188 quod
548 2130 718 2187 intelligimur,
732 2129 902 2188 autpertum:
917 2130 1076 2187 obtinebimus
1089 2131 1205 2186 lamentat

151 2205 247 2264 petita,
261 2205 324 2251 aient
335 2204 450 2251 hactenns
464 2204 616 2250 ohtnraimnr.
643 2204 707 2252 licut
721 2208 771 2262 eat,
786 2204 825 2262 qui
838 2203 862 2250 iu
875 2204 954 2251 media
961 2208 1040 2252 morte
1048 2205 1158 2252 viviticat
1162 2237 1171 2263 ‚
1180 2211 1206 2258 ei

152 2281 179 2325 et
192 2277 216 2322 iu
229 2277 308 2324 media
320 2277 522 2334 repuiaaprecutu
532 2277 671 2334 impetratae
680 2289 765 2334 preces
774 2277 847 2324 dabit.
871 2277 961 2330 Suntd)
975 2278 1117 2331 omniaeiua
1126 2289 1204 2337 opera

152 2352 237 2398 divina
250 2355 273 2397 et
288 2351 405 2396 mirabilia
418 2354 443 2397 et
456 2350 722 2407 incomprehensibilia,
737 2350 775 2395 cni
792 2354 849 2398 aaut
858 2363 901 2405 ea,
915 2363 976 2408 quac
986 2363 1034 2398 non
1044 2354 1112 2408 sunt,
1127 2351 1206 2407 flunt,

151 2429 214 2484 quie
226 2427 342 2482 pereunt,
357 2428 434 2479 aiant,
448 2435 507 2482 quae
522 2424 622 2478 cadunt,
637 2428 662 2469 et
675 2424 733 2468 nihil
748 2428 803 2470 sunt
815 2429 838 2476 e)
851 2424 874 2469 ei
887 2425 982 2480 omnia,
1000 2425 1038 2471 cui
1051 2425 1129 2482 gloria
1142 2426 1199 2481 aoli,

150 2499 191 2557 qui
205 2497 272 2544 aolua
286 2501 322 2544 eat
336 2497 413 2552 liena,
432 2497 498 2543 aolus
512 2503 549 2543 eat
562 2497 655 2549 factor,
674 2496 740 2541 solus
753 2496 900 2553 gubernator
917 2498 1029 2543 omniunt.
1056 2498 1111 2545 Sive
1127 2498 1200 2555 igitur

151 2584 235 2629 pacem
249 2570 319 2619 nobis
332 2569 438 2623 affertis,
459 2582 490 2616 ex
503 2570 582 2615 medio
596 2569 661 2615 bello
675 2569 771 2614 allatam
784 2570 940 2626 arripiemus:
960 2570 1012 2616 sive
1030 2570 1136 2618 afferetis
1150 2573 1200 2618 bei.

151 2644 215 2698 lum,
234 2655 308 2702 aeque
322 2655 404 2699 pacem
418 2655 448 2687 ex
462 2643 540 2688 medio
555 2642 619 2688 bello
635 2643 792 2698 sperabimus:
817 2642 869 2688 aive
888 2655 931 2698 per
947 2645 1064 2695 mortem,
1085 2645 1137 2690 aive
1155 2658 1200 2702 per

151 2717 245 2771 vitam,
254 2718 296 2761 tat
304 2716 418 2762 voluntas
427 2715 538 2768 Domini,
550 2727 596 2770 qua
607 2715 670 2760 iacta
681 2714 723 2759 fiet
733 2717 758 2759 ei
768 2726 814 2770 pax
825 2718 907 2759 nostra
917 2714 940 2758 in
950 2715 1024 2760 vitan
1034 2720 1166 2763 aeternam.
1176 2719 1199 2768 i)

151 2791 238 2835 Estote
250 2791 328 2835 fortes
342 2790 442 2834 Salariae
456 2791 628 2833 contemtores.
655 2787 859 2841 cruciantem,
881 2788 920 2845 qui
934 2789 962 2833 ait
976 2800 1006 2834 eo
1020 2789 1146 2835 crucifixus
1160 2794 1199 2836 eat

149 2863 310 2920 triumphator
329 2863 353 2907 in
372 2862 459 2915 lsrael,
481 2864 505 2906 et
524 2860 658 2906 ostentavit
674 2873 741 2913 euni,
764 2859 949 2918 propinavitque
970 2861 1039 2907 noiiia
1060 2862 1197 2919 ridendum,

150 2935 327 2987 insatiabilem,
342 2940 364 2990 a)
383 2934 403 2978 si
417 2934 533 2979 credimus
547 2933 571 2977 in
585 2923 613 2982 in
623 2932 789 2977 crucifixorum
803 2932 953 2978 crucifixeris
966 2933 1002 2979 aui
1016 2933 1113 2981 diaboli.
1139 2935 1197 2982 Nan

150 3010 221 3056 etiam
236 3009 256 3054 ai
271 3000 314 3053 uo's
328 3007 488 3058 crucifixerit,
502 3006 609 3051 vicissim
622 3008 647 3050 et
661 3017 706 3051 nos
720 3017 749 3051 eo
765 3006 831 3061 ipso,
845 3019 892 3064 quo
906 3019 951 3053 noa
964 3008 1100 3064 crucifiget,
1112 3011 1130 3058 i)
1145 3024 1198 3056 cru:

149 3084 271 3140 cingemus
285 3094 352 3134 earn,
367 3081 427 3127 etin
442 3081 483 3124 ilia
496 3081 534 3124 die
550 3079 590 3125 vel
604 3079 630 3131 it)
645 3081 700 3126 aute
715 3080 887 3125 ostentaninns
903 3092 956 3127 enm
971 3082 1057 3138 palam.
1075 3082 1094 3132 i)
1120 3084 1197 3131 llatae

149 3158 321 3213 wirenerrae,
340 3153 513 3201 mmmm·
806 3202 1152 3263 ennianae-tuncrus.

200 3447 221 3488 a)
241 3439 302 3490 ξω,
319 3438 359 3483 W.
379 3439 404 3485 C.
415 3441 441 3484 a.
462 3437 578 3484 credimus
593 3437 663 3483 etiarn
678 3449 749 3495 supra
762 3451 839 3496 quam.
889 3439 912 3490 b)
930 3438 990 3491 &dn
1008 3439 1049 3486 W.
1066 3464 1090 3475 -
1107 3443 1197 3490 tamen.

149 3519 170 3562 ci
185 3515 246 3563 ΕΦ.
259 3512 298 3556 W.
314 3512 374 3561 c.t'1.
390 3514 405 3564 †
419 3515 443 3556 et
457 3511 480 3555 in
494 3511 572 3556 inedia
586 3511 621 3555 ira
634 3510 775 3566 miseretur,
791 3511 813 3556 in
827 3511 907 3557 medio
921 3512 1003 3560 nitore
1017 3512 1091 3558 ridet:
1113 3514 1147 3559 ita
1160 3518 1198 3564 (et

149 3586 313 3638 atramitica).
363 3583 546 3630 dic.t3.sirut.
597 3583 692 3634 efficii.
705 3583 744 3628 W.
761 3587 805 3631 esi.
827 3584 999 3632 C.G.·-auut
1044 3587 1195 3638 sleduw,

150 3661 211 3703 QG.
231 3661 247 3709 'r
266 3661 350 3703 Amen.
400 3663 423 3712 g)
436 3656 496 3705 edi.
508 3655 550 3701 W.
564 3655 589 3700 C.
597 3656 623 3701 G.
643 3655 802 3707 illudendum.
816 3656 983 3706 insultandum.
1033 3658 1059 3710 hi
1076 3659 1136 3710 &tia
1154 3661 1194 3706 W.

149 3733 212 3776 cti.
232 3731 247 3782 ἰ
266 3730 432 3774 crucifixorein
447 3727 573 3774 Dominum
585 3728 667 3772 lesum
683 3728 801 3772 Christum
815 3732 847 3776 el.
897 3729 915 3778 ii
934 3731 995 3783 ΕΦ.
1006 3731 1047 3779 W.
1064 3733 1195 3791 irretiret

148 3802 505 3857 iidata.w.0.0.†ettam.
555 3799 970 3855 ilemwffvaleintionino.

200 4039 222 4090 ⁶)
240 4039 288 4089 etr
300 4045 351 4084 tear
364 4039 384 4084 t.
397 4039 418 4086 l.
432 4038 500 4090 itartt
514 4037 630 4093 merarii
644 4038 708 4084 nius
724 4037 779 4091 uir.
