2730 4724
637 326 729 401 1542.
1147 331 1209 400 50³

149 483 379 554 ingmtitudine,
397 493 569 555 contemtu,
585 487 657 544 odio
671 487 759 549 uerbi
775 487 883 558 gratioe
899 486 1051 556 horribili,
1067 496 1100 545 ut
1115 487 1212 561 pigent

149 575 257 629 vivere
275 585 304 630 et
321 575 423 632 videre
441 576 600 649 quicquam
618 579 647 632 in
664 578 720 633 ista
736 577 874 634 horribili
891 578 1032 634 Sodoma.
1090 617 1093 623 ·

224 677 321 751 Cupio
339 681 457 753 saepius
481 682 516 736 ad
534 693 563 738 te
581 683 731 750 scribere,
755 683 807 737 sed
827 683 984 738 tabellione
1001 700 1120 751 coreo,·
1134 690 1164 738 et
1180 690 1214 739 tu

151 768 253 826 rarius
271 770 390 829 scribis.
423 760 515 846 Quod
532 788 670 829 rumores
688 774 725 828 de
743 772 838 829 ticino
856 765 1042 844 sparguntur
1053 785 1082 828 et
1097 775 1215 841 minoe,

152 858 242 918 facile
269 862 371 917 credo.
405 861 452 917 Sic
476 872 545 918 sunt
568 863 610 918 tui
635 862 809 918 Misneuses
834 863 900 917 vani
924 864 1010 932 fecti,
1036 863 1214 938 praesertim

153 948 214 1005 istu
224 950 304 1006 larva
316 951 561 1022 Mersburgensi‚
579 952 629 1007 ubi
643 951 756 1023 lingunt
767 969 836 1008 suos
849 953 1038 1010 fortitudines
1053 964 1081 1009 et
1093 944 1213 1010 nostroe
1250 1010 1254 1018 ,

155 1056 297 1113 pavores.
331 1040 387 1096 Sed
400 1058 455 1096 nos
473 1043 703 1098 contemnimus.
736 1043 769 1098 ln
783 1041 891 1099 bellico
907 1044 951 1110 (l)
968 1053 1067 1099 temen
1078 1037 1216 1117 suspicio

156 1139 225 1200 est,
243 1149 280 1187 ne
293 1141 321 1186 et
337 1132 398 1201 isto
408 1131 531 1186 tumultu
548 1132 715 1188 incendium
727 1133 850 1191 orietur.
882 1131 970 1190 Deus
987 1150 1043 1191 noe
1056 1133 1215 1191 custodiet.

156 1220 271 1276 Contra
295 1221 429 1277 Turcnm
458 1230 542 1278 antee
565 1222 691 1292 cogitavi
716 1222 788 1278 nihil
812 1237 869 1278 nos
897 1224 1057 1280 effecturos
1072 1208 1100 1288 ¹)
1128 1212 1214 1294 esse}

157 1325 250 1383 quum
267 1311 423 1382 pecuniam
434 1311 603 1383 perdituros
621 1322 650 1367 et
666 1308 826 1385 ludibrium
842 1313 998 1369 relaturos.
1033 1303 1117 1388 Quid
1126 1298 1217 1370 Deus
1237 1386 1239 1390 .

159 1402 272 1456 iaceret
288 1418 343 1474 per
358 1400 496 1456 homines
513 1401 608 1458 tales?
626 1400 782 1457 Orondutn
794 1412 842 1457 est
857 1409 954 1457 tumen
971 1397 1216 1489 perseveranter?

161 1499 196 1544 ut
218 1489 306 1544 Deus
331 1507 386 1562 per
409 1505 443 1545 oe
468 1490 567 1562 ipsum
591 1506 646 1547 seu
668 1491 789 1560 angelos
810 1491 936 1547 bestiam
960 1492 1037 1547 illam
1060 1482 1240 1568 conficiat,'

162 1579 243 1635 sicut
267 1579 339 1636 tecit
361 1592 432 1634 cum
448 1589 554 1653 papatu
577 1591 606 1635 et
631 1580 695 1651 ejus
711 1581 868 1652 metuendo
883 1581 1036 1656 hypocrisi
1058 1593 1088 1638 et
1107 1582 1239 1673 abonii}

161 1670 293 1726 natione.

228 1775 363 1846 Nescio,
388 1793 425 1831 nn
446 1777 482 1830 od
507 1785 537 1831 te
562 1775 730 1849 pervenerit
753 1791 842 1848 supra
867 1777 993 1850 epistole
1008 1794 1091 1847 men,
1116 1778 1147 1834 in
1163 1794 1222 1851 que

164 1867 298 1935 tentavi,
313 1884 348 1921 nn
367 1866 443 1939 opud
460 1878 488 1921 te
505 1877 588 1922 esset
604 1867 692 1923 locus
708 1867 814 1923 lectori
833 1867 1011 1938 theologiae.
1046 1867 1090 1924 lte
1106 1885 1155 1924 me
1172 1885 1223 1926 ro.

164 1965 285 2025 gereret
296 1956 338 2010 D.
349 1955 549 2026 Hieronymus
561 1955 693 2023 Weller,
712 1971 900 2028 conquerens
918 1965 947 2012 et
965 1957 1028 2029 ipse
1046 1957 1224 2017 deonorum

165 2043 552 2114 Freiburgeosiumslrigore
570 2042 759 2114 frigidissimo
777 2043 925 2117 planeque
940 2046 1051 2118 glaciali
1069 2056 1222 2102 contemtu

164 2135 262 2192 verbi.
296 2135 353 2190 Sed
371 2133 488 2189 interim
504 2134 584 2188 venit
600 2134 628 2189 in
639 2144 787 2203 mentem,
804 2151 875 2190 cum
891 2146 960 2192 sunt
971 2137 1103 2192 nondum
1120 2139 1223 2194 omnin

165 2225 245 2298 apud
262 2232 291 2279 te
308 2224 440 2280 ordinato
450 2264 459 2292 ,
478 2222 585 2278 inostro
601 2222 664 2277 hoc
681 2223 794 2278 tentari.
827 2224 877 2278 Tu
899 2224 927 2279 in
945 2224 1082 2281 Domino
1099 2228 1223 2284 eoolor.

163 2325 229 2371 tare
247 2324 276 2369 et
293 2323 358 2371 esto
371 2315 532 2381 robustus,
549 2321 599 2380 ut,
617 2328 707 2384 quem
719 2312 856 2368 Christus
868 2314 963 2370 voluit
979 2316 1008 2370 in
1023 2317 1092 2372 loco
1104 2317 1225 2388 sedere,

163 2422 204 2460 ne
216 2403 315 2460 hostis
329 2403 393 2473 ejus
408 2402 447 2457 ibi
459 2403 559 2456 locum
573 2401 707 2456 liaberet.
741 2402 840 2457 Servis
852 2402 878 2469 ²)
890 2402 1013 2458 Christo
1023 2401 1049 2468 ³)
1063 2406 1110 2460 vel
1123 2386 1224 2463 solum

164 2493 299 2549 sedendo
324 2504 353 2546 et
370 2492 472 2547 locum
490 2490 609 2544 Diaboli
632 2490 827 2560 occupando,
853 2491 966 2547 etinmsi
983 2504 1131 2563 practerea
1147 2496 1221 2551 nihil

164 2598 269 2653 egeres
281 2581 395 2636 cunctis
409 2580 506 2635 horis:
525 2588 635 2649 quanto
648 2580 738 2647 magis
751 2593 819 2633 cum
828 2595 889 2634 non
900 2581 1011 2650 otieris,
1029 2582 1081 2638 sed
1093 2581 1221 2655 pugnes,

167 2685 198 2729 et
221 2688 329 2744 inunges
354 2680 471 2742 peccota
497 2668 524 2721 in
550 2669 662 2740 populo
687 2667 883 2737 perverbum
899 2669 977 2737 Dei,
1002 2671 1032 2725 in
1058 2687 1119 2743 quo
1142 2673 1219 2728 bene
1313 2738 1316 2747 ι

166 2764 242 2817 vale.
276 2761 382 2815 Salutat
404 2771 432 2815 te
450 2775 515 2812 mea
533 2758 629 2811 Kethn
653 2756 749 2811 adhuc
772 2757 940 2825 singultiens
965 2759 1080 2815 interim
1105 2763 1140 2817 ud
1157 2779 1220 2818 me.

164 2854 291 2911 moriam
316 2848 574 2904 obedientissimae
599 2845 683 2901 lilios.
715 2844 877 2901 Dominioe
900 2858 971 2919 post
987 2848 1057 2905 Sim.
1083 2861 1113 2905 et
1128 2852 1219 2923 Jun,
1243 2923 1244 2926 Ἴ

164 2959 244 2998 anno
261 2938 426 2997 MDXLll.

850 3001 892 3059 Τ.
909 3001 1001 3060 Mart.
1019 3004 1183 3090 Luthcms.

201 3332 226 3380 1.
243 3321 443 3386 monento.
908 3317 967 3374 Nl.
984 3319 1182 3379 MMXCVIl.

480 3455 528 3523 lin
551 3451 747 3526 innuisti
769 3449 899 3519 betti.
947 3534 952 3543 ι

445 3596 516 3644 uotis
528 3594 563 3641 tte
576 3592 703 3644 &leontion
716 3590 756 3638 tei
768 3591 933 3640 &acromonte

481 3795 532 3842 ltus
545 3796 594 3841 brut
608 3793 667 3840 iud.
680 3791 755 3839 Putat.
768 3794 813 3841 689.
828 3804 844 3850 p
864 3792 897 3842 tt.

216 4001 235 4048 t)
249 3998 329 4045 utoni.
344 3998 367 4049 tt.
381 3994 519 4042 dilecturos.
569 3998 591 4046 2)
604 3997 684 4045 brou.
699 3997 722 4047 st.
736 4007 828 4047 servus.
878 3997 900 4053 3)
914 3996 972 4048 Ξώ.
989 3996 1084 4045 Christi.
