2730 4724
148 347 210 416 628
626 345 716 417 tstl.

144 507 233 581 nobis
251 507 365 579 petierit
382 505 528 580 aliquem,
553 507 772 576 invenietnoa,
796 523 860 563 nort
878 506 991 582 quales
1007 512 1118 580 vellet,
1132 511 1198 568 sient

145 596 253 668 scripsi
269 599 304 652 ad
322 599 418 653 civem
435 598 542 664 isthic,
559 598 684 654 Petrum
697 596 866 655 Walrdorl'.
903 587 1119 659 Vehementer
1132 602 1197 657 eni!

142 701 192 762 nte
215 688 337 743 offendit
360 703 465 741 eorum
489 687 665 757 ingratitudo
690 697 717 740 et
738 687 887 759 nequitiae
916 690 1014 747 Deua
1036 693 1137 747 reddet
1153 692 1197 746 ὠ.

144 774 300 851 Caeterum
314 777 343 830 itt
352 761 490 831 Ecclesia
507 787 556 830 tua
574 774 744 830 meminerit
761 777 998 850 maximopere,
1014 792 1051 836 ut
1062 781 1196 836 orationes

142 872 174 918 et
195 862 419 922 obsecrationes
442 865 555 921 excites
580 863 610 918 in
631 863 742 935 populo
765 881 820 936 pro
838 865 987 923 Comitiis
1010 880 1043 925 et
1058 868 1199 939 Ecclesia,

142 952 310 1023 singulatim
326 971 381 1026 pro
394 954 583 1026 Principibus
600 964 719 1009 nostrae
736 955 958 1023 confessionis,
979 959 1056 1015 item
1072 976 1126 1032 pro
1137 961 1199 1017 ea.

142 1057 229 1111 aare,
246 1054 280 1098 ut
297 1045 403 1115 spiritu
420 1044 505 1098 bono.
519 1054 653 1113 regatur:
670 1059 738 1099 nam
754 1044 940 1101 horribiliter
959 1049 1041 1105 furit
1058 1051 1158 1117 Saten,
1170 1058 1199 1104 nt

141 1149 221 1188 nova
244 1133 417 1212 scribuntur
438 1133 524 1188 nobis
548 1132 605 1188 fide
628 1132 724 1202 digna.
759 1133 864 1190 Gallus
890 1134 1006 1193 invasit
1033 1138 1072 1194 ab
1096 1142 1196 1211 iutepu
1225 1192 1229 1203 ,

142 1223 318 1290 Caesarem,
336 1232 423 1294 capto
440 1224 569 1295 quodam
586 1223 695 1294 oppido
715 1221 796 1278 bono
816 1240 870 1295 per
888 1226 1045 1282 fraudem.
1082 1228 1158 1285 llnic
1170 1245 1197 1286 tt

136 1311 239 1383 junxit
253 1312 352 1383 Papa,
378 1310 503 1380 Veneti,
528 1311 651 1377 Turca,
675 1320 705 1365 et
726 1311 806 1366 alunt
824 1311 1076 1387 Barbarossam,
1102 1320 1196 1375 decen

140 1403 292 1476 Turcicae
308 1401 427 1469 classis,
449 1400 569 1470 siugulis
586 1401 739 1456 mensibus
755 1388 854 1455 300000
870 1415 1111 1464 coronatorum.
1145 1410 1197 1464 De.

139 1490 208 1547 inde
226 1491 331 1548 Gallus
349 1490 464 1546 tradidit
476 1488 677 1546 Barbarossae
694 1501 813 1562 portum
830 1493 1003 1564 quendam,
1024 1510 1057 1552 et
1073 1499 1196 1555 aedifict-

138 1581 250 1636 turibi
272 1566 413 1652 templum
433 1568 680 1634 ‘Mahometicum
703 1595 852 1634 consensu
871 1573 986 1653 Papae.
1025 1587 1078 1642 Sic
1096 1588 1196 1643 faciunt

138 1685 195 1744 pro
208 1669 344 1724 Ecclesia
362 1680 450 1741 eaput
462 1668 616 1722 Ecclesiae
629 1677 659 1723 et
670 1667 935 1724 christianissimus
947 1671 1023 1728 Rex
1037 1675 1195 1734 Ecclesiae.

139 1760 189 1814 Sic
207 1760 362 1830 pecuniam
382 1775 421 1814 ex
438 1757 637 1826 indulgentiis,
655 1757 767 1813 annatis
786 1769 815 1813 et
831 1759 977 1817 reditibus
997 1765 1124 1823 infinitis
1140 1784 1195 1823 otn-

137 1850 220 1904 nium
232 1849 437 1904 Ecclesiamm
455 1858 558 1903 contra
575 1848 707 1902 Turcattt
723 1857 767 1902 tot
779 1848 861 1903 annis
874 1861 1033 1908 extortam
1048 1866 1194 1933 exponen

136 1955 193 2013 pro
210 1938 358 1994 Ecclesia.
392 1938 420 1994 Ο
438 1940 585 2009 tempora!
621 1937 649 1992 O
667 1938 767 1993 Satanl
800 1937 892 2004 Veni,
910 1955 930 1991 ο
950 1943 1092 2001 Domine
1106 1946 1190 2015 dean,

136 2029 222 2082 veni!
247 2028 382 2099 Tempus
401 2027 526 2081 faciendi
544 2026 690 2092 Domino,
706 2028 813 2082 Amen.
847 2026 919 2083 Vale
932 2031 961 2085 in
974 2031 1119 2093 Domino
1130 2052 1191 2094 cunt

136 2119 206 2174 tuis.
239 2118 299 2174 Die
317 2108 510 2199 Ddrotheae,
528 2133 574 2172 aa.
592 2115 769 2174 MDXLIV.

822 2207 862 2263 T.
879 2207 975 2266 Mart.
994 2211 1161 2274 Lutlaertts.

169 2543 196 2600 9.
212 2537 376 2609 §tituta
868 2542 928 2600 Nl.
945 2544 1160 2608 MMcch.

423 2675 471 2744 tta
500 2671 626 2752 satiat
655 2672 903 2750 tunicatae.

141 2815 193 2866 terr
205 2817 277 2870 metet
287 2809 379 2869 tattitt
391 2816 558 2870 ittuiuuaam
571 2815 817 2940 tibtprqpteitppattam
830 2819 879 2868 tra
893 2818 942 2872 stit
955 2820 1107 2880 attfifatttgeir
1116 2826 1187 2882 patin

550 2898 578 2934 ιιι
646 2899 673 2936 ιιι
686 2899 699 2943 t
713 2900 723 2936 t
736 2898 781 2937 ιιιι.

596 3009 736 3024 m—

195 3102 247 3152 atat
265 3104 303 3149 ter
320 3099 517 3155 satutatnttt
530 3099 676 3154 &amatura
690 3109 716 3153 tu
729 3099 795 3158 patto
813 3103 853 3153 tta
869 3101 982 3161 &dite
994 3105 1014 3152 t.
1026 3108 1090 3166 2923
1112 3106 1187 3156 ιηιιι

146 3178 188 3224 tto
201 3175 295 3225 wald
308 3175 371 3221 xxi.
384 3176 442 3223 1519.
469 3175 524 3222 usta
542 3175 613 3225 natta
630 3171 791 3220 aurifaber
803 3175 845 3222 ill.
858 3174 875 3221 l.
887 3177 932 3225 tlt.
952 3181 1002 3226 unt
1020 3182 1074 3229 ttae
1088 3182 1188 3237 uitauit

149 3252 194 3298 aut
207 3254 255 3297 tam
269 3252 300 3297 ts.
313 3246 398 3302 Satri.
412 3248 445 3293 tut
459 3247 511 3292 eod
532 3245 630 3293 deidei
644 3257 670 3299 tu
683 3248 788 3296 written
801 3249 935 3302 tttatttttu.

151 3371 338 3430 Venerabili
354 3379 383 3425 et
399 3370 516 3443 optimo
535 3371 635 3439 Viro,
657 3359 724 3426 Dn.
741 3371 794 3427 M.
811 3373 955 3427 Antonio
973 3372 1185 3444 Lauterboch,

215 3464 377 3535 Episcopo
389 3461 552 3517 Ecclesiae
561 3461 748 3532 Firmanis,
765 3478 822 3516 suo
839 3462 873 3516 in
890 3462 978 3519 Dno.
987 3466 1104 3536 fratri
1119 3470 1185 3525 cta·

215 3569 353 3608 rassrmo.

150 3667 205 3760 G·
224 3725 252 3769 et
269 3713 305 3769 P.
323 3715 351 3768 in
368 3712 522 3770 Domino.¹
546 3715 634 3771 Sedet
647 3714 673 3780 ¹)
691 3716 725 3769 ad
743 3714 877 3771 dextram
894 3714 955 3773 Dei
972 3719 1091 3792 Patris,
1109 3736 1185 3796 quem

147 3805 369 3877 praedicamus,
387 3805 563 3861 confitemur
580 3816 609 3860 et
621 3805 787 3861 adoramus.
820 3805 890 3881 Ipse
901 3808 1026 3878 viderit,
1045 3813 1185 3886 quomodo

195 4021 217 4072 1)
234 4018 260 4066 0.
273 4016 348 4065 Seld.
360 4016 437 4067 aedit
