2730 4724
639 355 730 432 ists.
809 336 812 341 ’
1147 353 1230 440 stt.

185 496 397 585 uisurus.
859 514 1177 592 unnmcxnvru.

517 667 565 736 tin
595 667 723 739 titre.
750 664 852 739 uiti.
1044 632 1047 637 ¹

203 821 230 871 8·
243 821 319 874 tutet
332 821 380 873 ttrn
393 823 428 869 tte
441 823 597 873 ttriurtotut
610 827 712 874 moretm
727 833 753 877 ιιι
768 824 844 874 trium
857 825 984 872 Annotatt.
998 821 1023 868 iu
1036 817 1140 869 Genesin
1147 835 1156 878 ;

474 896 574 948 muniit
588 906 614 948 nt
627 897 711 949 titrtrn
728 900 774 944 unt
787 897 885 950 strato.

242 1127 294 1175 ttut
307 1092 345 1175 ιιι
357 1128 540 1180 settrttorr
554 1132 701 1186 enormium
715 1140 741 1184 tu
754 1129 845 1189 ouium
858 1131 898 1183 tut
911 1127 1023 1187 &suist
1035 1129 1054 1175 1.
1066 1129 1112 1177 κει

151 1257 301 1333 Eqreqio
319 1266 349 1313 et
365 1261 482 1331 optimo
503 1262 603 1332 Viro,
620 1263 686 1319 Dn.
703 1263 893 1319 Wenceslao
905 1263 1025 1330 Linou,
1045 1258 1205 1334 Theoloqo

221 1349 362 1405 Doctori
377 1369 466 1421 vero,
492 1353 613 1409 Christi
629 1355 664 1409 in
680 1355 827 1410 Ecclesia
845 1351 1093 1425 Nurnberqsnsi
1108 1350 1206 1407 atini,

130 1446 136 1459 ⁴
220 1445 292 1494 stro
300 1440 513 1511 fidelissimo,
529 1460 587 1498 suo
604 1443 639 1499 in
657 1444 797 1500 Domino
815 1443 1016 1499 charissimo.

153 1572 210 1664 G·
222 1628 259 1674 ct
272 1615 311 1675 P.
329 1621 521 1689 io¹D0mino.
554 1623 643 1679 Venit
665 1624 774 1679 tardius
800 1623 834 1678 ad
853 1634 881 1678 te
900 1639 963 1676 mes
982 1620 1140 1694 praefatio,
1165 1617 1207 1674 rui

152 1708 353 1777 Wencesloe,
379 1713 459 1783 quod
478 1714 526 1782 iit,
545 1715 613 1786 quia
631 1716 701 1768 eliac
720 1727 788 1770 sunt
805 1713 999 1783 cogitationes
1017 1720 1100 1779 tuae,
1118 1726 1207 1782 quam

151 1816 249 1857 meae.
284 1803 335 1857 Tu
353 1806 485 1873 cogitas,
504 1823 550 1860 me
568 1822 635 1862 esse
653 1807 821 1874 volentem,
839 1806 936 1860 minus
953 1814 1146 1876 occupatum,
1165 1809 1206 1870 et,

153 1890 238 1961 quod
262 1891 390 1963 iniquius
417 1904 478 1961 est,
504 1910 552 1947 me
578 1909 646 1949 esse
672 1895 810 1948 idoneum
834 1894 868 1947 ad
887 1894 1080 1965 praefationes
1104 1892 1207 1961 dignas

151 1979 341 2038 scribendas.
372 1981 438 2052 Ego
456 1983 543 2053 longe
561 1984 643 2039 aliter
660 1985 778 2054 cogito,
801 1984 927 2038 cadaver
943 1999 1011 2037 esse
1027 1999 1093 2048 me,
1116 1981 1208 2036 obru-

152 2080 219 2127 tum
235 2080 332 2127 tamen
349 2072 512 2128 scribendis
530 2074 619 2129 literis
638 2079 666 2130 ei
683 2074 781 2139 libris,
803 2074 929 2130 lectione
946 2073 1131 2142 theologico,
1144 2070 1207 2141 cal,

152 2160 299 2216 colonium
317 2172 345 2216 et
357 2162 454 2217 multis
472 2176 623 2233 praetcrea
640 2175 836 2237 occupatum,
852 2174 884 2219 ut
901 2164 996 2219 rarius
1007 2172 1091 2222 vacet
1107 2163 1206 2232 legero

152 2259 185 2306 ct
208 2266 295 2306 orare
313 2252 464 2324 privatim,
488 2253 567 2324 quod
586 2254 656 2308 mihi
674 2256 745 2308 satis
762 2255 920 2310 molestum
943 2264 998 2308 est.
1033 2253 1088 2307 Sed
1112 2268 1204 2320 ecce,

149 2340 249 2396 hebes
261 2342 492 2412 praefationem,
509 2343 603 2413 qualis
621 2343 667 2396 ills
686 2343 733 2398 sit.
767 2345 795 2398 Si
808 2345 904 2400 minus
916 2343 1074 2415 placuerit,
1092 2341 1205 2415 poterit

151 2446 220 2485 eam
244 2432 292 2485 vei
317 2443 447 2500 mutare,
472 2433 521 2485 ubi
546 2434 722 2500 volessvel
747 2434 884 2503 objicere.
924 2434 991 2502 Ego
1020 2435 1109 2505 cupio
1131 2432 1206 2488 mihi

150 2520 214 2574 dori
240 2520 348 2574 bonam
370 2520 475 2574 horam
502 2522 670 2575 transeundi
695 2522 729 2575 ed
747 2522 859 2576 Deum.
893 2520 977 2577 Satur
999 2538 1082 2589 sum,
1108 2522 1205 2578 fossus

153 2627 241 2678 sum,
258 2610 330 2664 nihil
350 2610 473 2681 amplius
492 2628 571 2665 sum.
603 2612 719 2667 Tamen
738 2612 801 2680 iac,
825 2622 858 2665 ut
875 2618 930 2682 pro
949 2627 996 2665 nne
1020 2627 1088 2666 ores
1107 2612 1205 2681 serio,

150 2711 184 2756 ut
196 2700 277 2755 tollat
288 2701 413 2754 animam
425 2716 521 2755 meam
534 2702 686 2756 Dominus
702 2701 730 2755 io
743 2718 826 2771 poce.
856 2700 928 2756 Non
940 2702 1075 2772 relinquo
1088 2701 1217 2757 tristom'

151 2789 260 2847 taciem
279 2790 449 2843 nostrarum
467 2789 687 2854 Ecclesiurum,
713 2790 765 2843 sed
787 2789 940 2844 florentem
964 2806 1035 2861 pura
1059 2801 1088 2844 et
1105 2801 1205 2850 sancta

150 2881 307 2947 doctrino,
336 2880 435 2936 multis
465 2880 585 2951 optimis
613 2891 642 2934 et
670 2881 879 2935 sincerissimis
908 2880 1081 2935 Pastoribus
1111 2881 1204 2938 indies

149 2982 371 3041 augescentem.
405 2969 532 3024 Helvetii
562 2979 590 3024 ct
613 2970 748 3039 Tigurini
777 2971 914 3041 superbia
940 2987 991 3024 sua
1024 2981 1052 3025 ct
1079 2971 1204 3027 amentia

148 3062 257 3116 volunt
278 3077 348 3115 esse
366 3057 596 3133 circmcisionis,
624 3070 654 3113 ut
671 3059 782 3114 Paulus
806 3060 855 3117 ait.
886 3061 1037 3115 Dominus
1059 3061 1207 3123 illuminet

150 3161 180 3205 ot
197 3161 353 3206 convertat
370 3150 461 3204 corde
478 3165 599 3217 eorum,
616 3150 724 3202 Arnen.

215 3255 267 3310 De
294 3255 397 3309 Turco
423 3255 557 3309 audimus
582 3255 708 3323 grundio.
736 3236 808 3321 'Ego
833 3271 888 3307 oro
909 3264 1011 3310 contro
1037 3270 1124 3323 eum,
1150 3254 1203 3310 sed

150 3344 271 3410 dubito,
289 3354 390 3398 contra
409 3361 485 3415 qnos
504 3345 623 3398 Turcos
642 3344 734 3414 rapiet
751 3346 774 3408 ¹)
799 3344 963 3398 orationem
984 3360 1091 3398 mecm.
1123 3342 1204 3400 Nam

150 3436 174 3489 si
193 3436 237 3489 sic
256 3445 377 3504 pergunt
395 3434 487 3488 nostri
505 3431 669 3504 Rapinium,
687 3432 840 3503 Niplrlim,
859 3433 1069 3501 Samesumim,
1091 3433 1204 3503 Emim,

151 3523 295 3587 Ennium,
313 3541 373 3577 non
385 3524 470 3595 paulo
485 3523 586 3577 durius
600 3521 786 3590 regnabimus
797 3522 832 3575 ab
844 3522 935 3593 ipsis,
954 3539 1041 3593 quam
1055 3540 1070 3576 o
1082 3523 1204 3582 Tuscis·

152 3613 233 3668 Mire
253 3615 353 3667 furunt
370 3612 571 3681 cupiditatibus
590 3614 668 3676 suis,
684 3623 713 3665 et
731 3620 777 3666 est
795 3621 911 3682 tempus
929 3611 1016 3680 iilud,
1035 3614 1115 3683 qnod
1133 3624 1204 3686 post

153 3705 265 3756 ruinam
283 3701 456 3756 Antichristi
476 3700 654 3774 praedictum
674 3709 737 3764 est,
763 3701 828 3754 iore
845 3700 960 3755 scilicet
977 3701 1114 3758 homines
1130 3703 1204 3777 Epi.

152 3809 277 3848 curaeos
291 3803 320 3847 et
332 3791 454 3859 atheos,
469 3802 502 3845 ut
520 3791 675 3863 implentur
686 3787 810 3844 verbum
821 3789 945 3846 Christi:
968 3791 1046 3848 sicut
1057 3792 1087 3848 in
1098 3793 1203 3851 diebus

193 4043 216 4092 t)
229 4039 302 4090 mitti.
316 4036 403 4096 capiet.
428 4037 610 4092 esurimus,
624 4038 716 4090 ιιιιώιι
729 4040 791 4087 tint.
806 4039 994 4096 iututsrictteu.
