2730 4724
628 341 718 411 1539.
821 384 825 391 ·
1140 339 1201 405 225

145 507 328 574 temporum.
360 491 457 556 Saluta
479 509 572 556 totam
590 515 716 556 earnem
738 503 819 554 tuo'm
842 496 872 552 in
888 495 1029 552 charitate
1045 514 1106 553 non
1125 496 1200 571 liuta.

148 589 191 647 Et
216 592 245 646 in
265 589 394 645 Domino
411 589 499 644 fortio
514 601 599 657 esto,
614 590 740 644 viriliter
760 606 831 658 age,
848 591 873 652 ¹>
899 597 928 642 et
945 589 1132 642 confortetur
1147 603 1201 642 cor

147 690 233 735 tuum
249 691 280 734 et
296 689 440 750 exspecta
451 679 635 745 Dominum,
647 679 702 749 ¹qui
714 672 811 750 prope
822 689 878 733 eut.
912 676 1012 746 vigilia
1025 678 1053 732 S.
1065 677 1200 747 Martini,

147 767 363 825 niumm.

821 831 862 889 Τ.
878 831 1029 888 Martinus
1046 832 1169 889 Luther.

183 1170 229 1226 11.
246 1167 446 1228 titutultt.
841 1166 899 1222 N0.
916 1165 1171 1224 MDcccxclv.

236 1317 286 1389 ltu
308 1301 421 1389 litt.
443 1316 658 1387 ittlttuti
682 1316 830 1396 aretine
850 1331 885 1397 itt
907 1314 1041 1388 titinio
1060 1314 1122 1397 (1).

318 1477 343 1524 u.
356 1474 434 1528 titia
447 1475 501 1528 itui
515 1475 562 1521 otti
575 1475 659 1522 titillet
671 1483 717 1526 otu
730 1475 768 1521 ta
781 1475 832 1529 utet
845 1474 871 1520 tn
883 1473 1041 1527 tutttaentai.

203 1707 256 1757 ital
268 1708 449 1762 ttutttttttt
461 1707 621 1764 unientem
634 1707 781 1761 &emutuit
794 1707 811 1752 1.
822 1707 868 1754 lut
883 1707 922 1761 tto
935 1704 1046 1765 enitet
1059 1705 1099 1753 111.
1112 1708 1159 1756 115.

156 1843 211 1934 G·
230 1902 261 1944 et
280 1889 315 1945 Ρ.
337 1890 366 1945 in
383 1889 514 1945 Christo.
548 1889 729 1945 Consoletur
751 1897 781 1944 te
806 1888 976 1956 Dominus,
1001 1889 1041 1942 mi
1064 1887 1207 1957 Cordule,

157 1980 208 2050 qui
224 1981 396 2035 consolator
412 1993 459 2034 est
475 1983 608 2034 omnium
626 1981 653 2034 in
672 1980 878 2046 tribulatione,
897 1979 976 2034 sicut
992 1979 1208 2065 scriptumest:

157 2068 290 2124 Multae
314 2067 536 2124 tribulationes
549 2072 732 2139 justorum,
757 2078 787 2124 et
808 2069 845 2124 de
865 2068 917 2124 liis
933 2067 1049 2124 liberat
1064 2066 1210 2125 omnibus

157 2174 213 2213 eos
223 2157 404 2214 Dominus:
422 2170 466 2214 et:
484 2159 603 2214 Invoco
613 2176 662 2213 me
673 2159 708 2212 in
720 2159 770 2213 die
780 2156 1014 2227 tribulationis,
1031 2165 1061 2212 et
1071 2150 1222 2232 eripiam?

156 2255 203 2316 te,
219 2256 251 2303 et
265 2245 467 2322 qlorifioodis
483 2265 541 2303 me.
575 2249 630 2303 Sed
648 2247 721 2303 nihil
738 2259 782 2301 est
796 2259 896 2303 nostra
908 2248 1056 2303 tribulatio
1069 2248 1104 2302 ad
1116 2248 1211 2314 illem,

157 2339 196 2392 de
213 2355 272 2410 qua
288 2338 412 2393 dicimus
431 2338 579 2408 quotidie,
604 2340 658 2393 etsi
677 2354 778 2409 parum
796 2349 921 2393 attente:
952 2338 1014 2414 Qui
1026 2354 1146 2410 passus
1162 2345 1212 2393 est

158 2425 216 2482 rud
227 2428 345 2483 Pontio
358 2426 485 2496 Pilato,
501 2426 693 2495 crucifixus,
710 2435 856 2482 mortuus
867 2435 899 2480 et
908 2429 1066 2499 sepultus,
1081 2429 1210 2484 descen·

158 2519 208 2572 dit
223 2517 271 2572 ad
284 2517 407 2588 infitros
425 2531 483 2572 eto.
516 2518 629 2572 Nostra
648 2517 806 2585 tribulatio,
824 2535 926 2583 mors,
945 2519 1074 2573 internus
1091 2533 1136 2574 est
1155 2520 1211 2575 ho.

159 2608 289 2674 minum,
315 2609 422 2673 idest,
446 2621 656 2678 peccatorum:
681 2607 727 2661 illa
746 2619 791 2661 est
809 2606 856 2661 tilii
875 2609 953 2675 Dei,
978 2610 1064 2677 cujus
1082 2625 1163 2664 mors
1180 2619 1212 2664 et

160 2697 260 2768 passio
285 2714 339 2768 pro
368 2713 421 2751 ena
445 2696 638 2765 magnitudine
661 2695 701 2762 (si
726 2697 932 2758 crederemus)
958 2698 1078 2752 deberet
1104 2695 1221 2755 merito
1305 2711 1306 2717 ’

159 2798 263 2843 nostra
280 2787 386 2852 corda,
403 2802 505 2853 eures,
523 2786 647 2852 oculos,
664 2785 723 2839 imo
742 2786 858 2839 coelum
872 2800 902 2841 et
915 2797 1022 2840 terram
1036 2788 1072 2841 ita
1086 2788 1210 2858 implere

159 2889 190 2932 et
215 2877 359 2954 obruere,
389 2887 420 2929 ut
446 2886 561 2929 nostrati
586 2884 716 2939 mortes,
741 2875 854 2929 etiamsi
879 2886 980 2930 essent
1005 2878 1094 2930 multa
1120 2878 1210 2934 millia

158 2966 319 3033 mortium,
335 2965 387 3019 vix
405 2982 420 3018 a
438 2964 525 3030 longe
542 2965 735 3027 sentiremus,
755 2962 799 3015 vel
819 2963 916 3033 potius
931 2965 1002 3018 nibil
1021 2966 1213 3026 sentiremus.

158 3056 270 3110 l'erutn
288 3054 439 3109 infirmitas
456 3053 522 3107 tidei
540 3065 586 3105 eut
604 3052 706 3105 nimia:
731 3051 838 3122 alioqui
863 3054 931 3123 quid
957 3067 1000 3108 eut
1019 3057 1095 3110 mori
1112 3057 1212 3113 homi.

160 3162 230 3200 netn
246 3153 373 3216 peccato
392 3155 422 3198 et
438 3143 525 3196 morti
543 3141 726 3214 obnoxium,
743 3154 882 3212 respectu
899 3142 947 3196 lilii
965 3145 1024 3198 Dei
1044 3146 1121 3212 vivi,
1134 3148 1210 3215 justi

160 3247 191 3291 et
207 3234 374 3290 innocentie
391 3245 419 3286 et
435 3233 493 3286 vita
504 3232 623 3298 dignuin
636 3243 749 3284 aeterna
762 3239 791 3284 et
804 3231 900 3286 solum
913 3235 1041 3301 dignum.
1053 3235 1081 3299 ²)
1113 3237 1208 3293 Recte

159 3342 232 3395 ergo
250 3324 331 3394 jubet
347 3337 403 3377 nos
421 3322 451 3375 S.
467 3319 576 3375 Petrus
599 3320 700 3373 eadent
725 3320 902 3394 cogitatione
925 3325 1029 3376 armari
1054 3325 1082 3378 in
1099 3328 1210 3383 nostrie

158 3413 388 3480 tentationibus,
399 3423 454 3481 ¹ttt,
472 3411 584 3466 etiamsi
601 3410 700 3463 omnio
715 3410 791 3478 paesi
809 3411 971 3478 fuerimus,
988 3415 1136 3486 sciamus,
1153 3433 1209 3474 uos

157 3505 232 3562 niliil
252 3498 358 3576 ¹possut
376 3503 480 3566 luisse,
499 3502 534 3554 ad
546 3500 626 3553 illum
640 3499 795 3579 patientem
811 3502 983 3570 comparati.
1016 3504 1074 3559 Sed
1087 3506 1208 3565 uberior

157 3608 206 3652 est
224 3594 252 3649 in
270 3593 318 3648 his
337 3590 472 3647 Christus
490 3591 517 3643 in
537 3600 564 3643 te
582 3604 651 3640 cunt
669 3588 773 3658 spiritu
791 3605 863 3656 suo,
883 3590 911 3643 in
929 3608 989 3662 quo
1007 3591 1174 3652 benevale.

226 3698 325 3755 Pestis
342 3697 391 3753 hic
410 3714 468 3751 noo
487 3696 558 3762 fuit,
576 3694 628 3746 sed
643 3695 825 3762 contagium,
844 3712 904 3766 quo
923 3697 1004 3752 linito
1023 3701 1120 3755 omnia
1136 3713 1208 3760 suut

157 3799 241 3858 tuta,
264 3789 361 3844 donec
378 3787 464 3859 Deus
481 3783 572 3838 volet.
605 3781 672 3836 Fuit
690 3798 759 3836 sane
777 3794 806 3835 et
822 3784 872 3836 bio
889 3801 950 3839 non
971 3803 1060 3857 parva
1076 3791 1205 3849 itumiee.

156 3921 686 3952 ...-----—-----·

206 4017 230 4065 tt
249 4012 308 4061 ἐῶ.
323 4021 380 4065 azer
393 4009 432 4059 (1).
482 4009 505 4060 21
518 4005 599 4056 eutitt
612 4002 704 4055 nitito:
721 4004 824 4060 (115111-
836 4028 861 4041 —-
872 4006 948 4053 toliis
961 4009 1034 4067 digni,

243 4093 315 4167 ibt.
341 4086 397 4154 l..
968 4097 1005 4154 15
