2730 4724
645 365 734 436 tsls.
1156 365 1216 431 bll

225 522 316 599 Quae
333 534 364 580 ttt
382 523 419 602 de
437 525 528 581 rebus
541 524 676 594 Caesaris
694 523 816 591 scribis,
833 525 937 580 eadem
955 533 984 579 et
1000 539 1074 591 nos,
1092 540 1149 578 nec
1164 522 1219 578 alia

148 612 305 693 iubemus
313 655 324 683 ,
341 615 459 671 scilicet
470 616 582 684 fugisse
595 615 716 672 Gallum
728 632 796 670 curn
809 616 904 686 copiis
917 615 980 670 suis
994 626 1023 669 et
1036 614 1219 669 detrectasse

150 720 300 778 pugnam.
334 704 390 760 Sed
408 708 566 776 suspicor,
586 721 655 759 eunt
674 706 714 758 uti
732 704 858 761 consilio
876 716 904 758 et
921 716 986 758 astu
1001 704 1076 760 Fabii
1089 703 1221 758 Maximi

152 808 189 852 et
204 794 394 862 Tuscarttnt,
420 798 471 867 qui
495 795 664 850 cunctando
689 796 809 865 fatigant
829 795 969 860 hostem,
994 777 1052 850 nec
1073 804 1221 866 pugnans,

135 879 220 947 jnisi¹
234 895 318 938 certa
333 885 459 939 victoria
475 883 511 939 sit
529 887 676 956 praevisa,
695 883 743 938 ubi
761 885 923 939 necessitas
941 900 1003 938 nort
1016 885 1106 952 cogit.
1141 882 1224 938 Inte.

154 973 218 1030 rim
235 989 294 1029 nos
312 973 507 1028 exhaurimur
524 984 626 1028 sumtu
645 984 674 1028 et
690 973 798 1029 taedio.

226 1080 287 1140 Sed
298 1079 360 1134 hoc
373 1080 533 1151 pulchrum
547 1097 582 1134 an
595 1080 733 1148 audieris,
748 1080 864 1134 nescio.
894 1078 1051 1143 Narratur,
1063 1057 1224 1160 Caesarem

156 1164 275 1226 dixisse
288 1171 323 1222 ad
335 1166 541 1224 Juliaceusetn
555 1170 693 1224 Ducem:
712 1169 777 1241 plus
792 1169 914 1222 iusuutsi
933 1169 960 1221 in
979 1180 1047 1223 tuos
1066 1167 1226 1238 imperato.

155 1276 212 1317 res
228 1260 391 1334 pecuniae,
410 1277 500 1332 quam
512 1261 542 1315 itt
554 1270 650 1315 totum
665 1259 785 1314 bellurn.
822 1260 903 1314 Idem
920 1259 1026 1313 dicitnr
1046 1260 1117 1312 Dux
1131 1260 1227 1312 Aran.

158 1351 227 1423 giae
245 1350 294 1405 iile
311 1367 327 1404 a
345 1350 464 1406 Nassau
482 1351 517 1404 ad
536 1367 603 1404 eum
622 1351 750 1405 dixisse:
768 1347 820 1416 ad)
839 1348 922 1408 [latet
939 1349 1010 1419 bttt
1026 1346 1145 1413 Dbtltlll
1165 1352 1226 1406 llus

158 1440 242 1500 utut
259 1438 304 1507 ibt
320 1440 373 1499 ntit
390 1441 447 1498 lent
465 1438 562 1508 saliet
579 1439 708 1512 ateana
732 1445 762 1498 as
779 1436 898 1511 gedrum
916 1439 973 1505 ilat
990 1436 1228 1525 encaustum

161 1530 259 1597 tlltlltr
280 1530 351 1590 bellu
375 1530 420 1589 itt
444 1541 526 1600 gunfis
547 1528 642 1600 littra.
678 1529 837 1596 Obsecro,
863 1530 934 1600 quid
958 1529 1008 1582 liet
1032 1529 1148 1583 tandem
1172 1530 1229 1583 ista
1257 1597 1259 1602 Ι

161 1618 315 1675 horrenda
331 1618 452 1691 perfidia
470 1628 500 1672 et
520 1617 687 1688 proditione
706 1617 881 1689 Principum
903 1629 932 1672 et
951 1618 1090 1687 Regum?
1123 1618 1228 1686 Auro,

161 1726 225 1764 non
243 1710 322 1762 ferro
339 1708 415 1782 bella
434 1719 586 1777 geruntur.
621 1707 781 1777 Accipiunt
798 1723 813 1760 a
833 1710 894 1761 suis
907 1706 1098 1778 Principibus
1117 1707 1229 1778 stipen-

164 1799 266 1866 dium,
296 1807 325 1851 et
352 1798 388 1851 ab
413 1797 504 1851 hoste
533 1813 664 1851 munera.
709 1797 771 1850 liac
797 1797 904 1850 virtute
931 1797 1096 1851 obtinuisse
1122 1797 1250 1867 dicitur¹

164 1889 274 1946 Gallus
292 1888 526 1957 Lucelburgum,
549 1904 619 1941 cum
638 1886 774 1943 Gallicus
791 1887 853 1941 dux
871 1887 928 1940 XX
946 1887 1035 1941 millia
1052 1888 1231 1942 ducatorum

164 1980 338 2055 caesariano
355 1977 425 2032 duci
444 1978 648 2048 pacisceretur
665 1976 880 2048 redderetque,
907 1987 938 2031 ut
961 1977 1069 2030 victum
1089 1993 1121 2055 se
1139 1978 1232 2032 simu.

164 2070 241 2125 laret
258 2080 288 2124 et
305 2067 410 2122 urbem
429 2067 568 2122 traderet.
604 2066 681 2141 Quis
700 2082 759 2121 nott
778 2068 965 2137 suspicetur,
991 2068 1093 2122 eadem
1111 2068 1232 2123 fortuna

159 2160 226 2232 jam
250 2159 339 2213 tertio
362 2158 391 2212 in
419 2158 546 2226 Ungaria
570 2171 717 2227 pugnasse
734 2153 973 2210 Ferdinandum?
1003 2155 1145 2229 Denique
1167 2160 1231 2212 An.
1330 2146 1333 2157 '

165 2251 270 2304 dream
289 2246 326 2301 de
346 2245 440 2302 Doria
459 2245 616 2301 collusisse
634 2245 784 2305 dicuntia
803 2247 875 2299 mari
892 2262 961 2300 cum
979 2245 1179 2315 Barbarossa,
1198 2258 1231 2303 et

164 2339 299 2407 dixisse:
318 2336 415 2391 Simus
433 2352 489 2390 nos
508 2335 594 2388 amici
612 2335 688 2388 inter
705 2350 781 2400 nos,
798 2346 830 2386 ut
849 2336 916 2406 quid
935 2346 1039 2393 mutuo
1057 2352 1113 2391 nos
1126 2339 1231 2408 perde.

163 2429 259 2484 mus?
287 2425 482 2480 nihilominus
508 2422 638 2477 manebit
663 2423 801 2477 dominus
827 2434 885 2477 tarn
914 2438 999 2492 tuus,
1029 2438 1118 2496 quarn
1144 2443 1230 2482 meus

165 2519 348 2591 Imperator.
383 2514 410 2570 Ο
433 2514 554 2568 heroica
573 2523 602 2567 et
619 2512 686 2584 plus
704 2529 791 2583 quarn
813 2511 935 2568 heroica
952 2515 1045 2584 virtus
1064 2515 1098 2569 ad
1116 2517 1231 2590 exhau.

164 2609 289 2664 riendos
311 2607 408 2675 Reges
434 2615 463 2658 et
478 2603 635 2675 Principes
658 2613 688 2656 et
714 2602 857 2672 populos!
897 2602 978 2674 Quid
1005 2605 1084 2660 enirn
1110 2608 1229 2660 tandem

166 2697 308 2754 retinebit
334 2697 440 2750 misera
464 2693 567 2764 plebs,
593 2692 663 2745 dum
688 2696 756 2745 istas
781 2692 937 2759 voragines
964 2693 1141 2749 insatiabiles
1167 2698 1230 2750 auri

166 2789 293 2860 implere
312 2786 459 2854 cogetur?
494 2783 659 2836 Sentietnus
686 2781 770 2835 brevi
796 2782 825 2835 in
847 2793 953 2835 nostro
972 2785 1123 2854 marsupio
1141 2785 1230 2842 istam

169 2877 344 2935 infernalem
362 2873 490 2945 rapiendi
509 2872 629 2926 rabiem.

236 2982 380 3038 Scribitur
405 2980 539 3041 tandem,
562 2978 684 3032 Turcos
708 2976 791 3031 valde
816 2977 956 3031 saeviisse
983 2977 1011 3032 in
1029 2978 1104 3032 Alba
1123 2981 1235 3059 regali,

168 3073 308 3130 dissectis
320 3075 345 3135 ¹)
365 3071 457 3123 tribus
473 3067 601 3148 millibus
614 3067 722 3119 civium
736 3076 764 3118 ct
777 3083 883 3120 sertutn
896 3084 1035 3138 quoque,
1055 3082 1083 3123 er
1094 3071 1228 3124 simfliter

168 3161 453 3225 concionatoribus,
470 3159 508 3213 ita
522 3169 553 3211 ut
566 3155 669 3210 tumult
682 3155 859 3209 cadaverum
872 3159 1039 3227 superarint
1050 3159 1229 3235 altitudinem

168 3269 337 3310 murorum.
371 3249 465 3305 Pavet
483 3259 511 3302 et
530 3245 690 3334 praesentit
708 3246 824 3299 Satanas
838 3247 913 3300 dtem
927 3247 1033 3317 judicii
1053 3250 1108 3303 sui.
1145 3232 1227 3324 Quid

168 3355 257 3418 putas
275 3344 303 3396 in
322 3357 377 3395 nos
396 3337 526 3405 cogitat?
551 3336 637 3400 furit,
656 3336 723 3406 quia
741 3335 833 3388 breve
852 3347 967 3407 tempus
984 3337 1084 3420 habet.
1120 3339 1228 3394 Domi,

169 3453 228 3490 nus
243 3432 395 3487 custodiat
412 3443 485 3484 suos
503 3428 550 3480 vel
569 3436 650 3493 regat
667 3425 771 3496 spiritu
795 3426 946 3496 principali
970 3444 1026 3481 uns
1050 3428 1225 3500 nobiscum,

170 3534 205 3579 ut
229 3525 294 3578 sive
318 3519 504 3576 servabimus
528 3518 589 3570 sive
615 3514 821 3583 mactabimur,
850 3513 965 3572 fortiter
989 3517 1066 3574 illius
1092 3507 1228 3579 furorem

171 3615 332 3670 rideamus.

163 3772 169 3780 ,
237 3719 354 3773 Dicitur
380 3715 488 3770 Caesar
514 3712 634 3766 Ducem
658 3707 913 3763 Bruttsvioensem
942 3713 1100 3768 restituere
1129 3716 1225 3785 vello,

172 3810 279 3866 nescio
297 3807 405 3878 quibus
423 3803 538 3858 mediis.
572 3801 703 3855 Oremus
717 3813 770 3868 pro
784 3796 974 3871 Principibus
988 3805 1109 3859 nostris.
1143 3806 1226 3862 Natu

175 3951 704 3978 ...----—--—---

222 4046 242 4094 t)
257 4039 371 4087 dissertis
386 4043 426 4091 sta
440 4038 531 4092 &altr
545 4037 571 4089 tn
583 4035 645 4087 noll
659 4033 789 4112 {tuleratis
813 4033 820 4042 ”
