2730 4724
590 410 594 418 ι
643 358 735 436 1515.
1050 369 1062 381 “
1149 351 1213 425 745

157 511 234 570 mibi
250 530 305 587 per
320 515 483 576 Diabolum
500 520 617 578 videtne
632 530 750 580 struere
775 521 913 591 insidiae,
938 528 971 577 ut
994 518 1045 593 qui
1067 532 1126 574 nec
1148 530 1215 584 me,

157 620 218 661 nec
235 605 342 663 familia
358 625 425 664 mee
442 612 603 680 consultis,
630 630 728 686 neque
745 630 816 669 suae
838 612 966 687 parentis
984 622 1032 665 aut
1049 606 1217 683 parentelae

156 695 249 751 ullam
272 697 517 767 significationem
542 704 669 760 afferens
694 703 833 758 miserem
858 713 888 758 et
913 701 1033 756 stultam
1057 699 1216 754 mulierem

156 785 366 843 circumducit.
402 789 502 864 Quare
528 803 558 848 te
582 810 637 847 oro
661 778 719 865 per
736 804 870 849 nostram
896 792 1001 859 fldem,
1030 787 1159 858 digneris
1185 796 1215 841 te

157 889 286 931 onerare
303 875 360 931 bac
377 894 484 948 causa,
510 890 540 935 et
562 880 636 937 mihi
659 883 814 954 explorare
831 879 1009 954 parentelam
1026 877 1119 945 illius,
1143 886 1173 930 et
1189 874 1215 930 si

156 964 289 1037 poteria,
312 967 361 1021 vel
380 981 550 1038 parentem,
572 972 619 1026 vel
638 971 775 1027 familiam
792 971 875 1042 ejus,
901 986 977 1042 quae
996 968 1050 1034 sit,
1077 975 1126 1020 aut
1143 964 1215 1037 quid

155 1055 274 1124 valeat,
290 1057 420 1115 maxime
436 1077 529 1127 vero,
547 1077 583 1115 an
600 1061 716 1128 sciant,
730 1061 792 1116 hoc
812 1077 901 1130 agere
912 1063 936 1125 ¹)
956 1056 1046 1114 lilium
1062 1071 1148 1111 suum
1166 1064 1216 1111 atrt

156 1153 327 1216 cognatum.
358 1147 437 1203 Nem
455 1149 480 1204 si
498 1149 576 1204 forte
593 1150 747 1223 scripserit
765 1150 801 1205 ad
818 1165 891 1217 eos,
914 1164 983 1204 sese
1004 1145 1117 1202 habere
1141 1162 1216 1201 con.

155 1247 282 1291 meum
299 1244 328 1290 et
345 1237 529 1294 voluntatem
546 1255 661 1306 meam,
679 1239 725 1294 vel
744 1238 869 1294 familiae
885 1253 988 1302 meae,
1004 1235 1032 1290 id
1045 1243 1218 1291 constanter.

157 1320 248 1380 dicito
263 1340 332 1381 ease
349 1324 511 1383 mentitum.
544 1327 623 1383 Nam
641 1345 698 1384 nos
715 1306 840 1384 summis
858 1327 970 1381 viribus
988 1324 1213 1392 dissuademus,

150 1413 226 1486 ,quia
242 1430 340 1486 neque
358 1432 414 1488 pro
430 1416 513 1487 ipso,
530 1434 629 1489 neque
647 1435 700 1488 pro
719 1417 782 1489 ipse
797 1418 876 1472 valet
889 1415 951 1471 hoc
965 1415 1140 1471 institutum.
1172 1412 1215 1469 Et

155 1501 267 1558 vellem
284 1504 419 1560 revocari
436 1504 656 1562 adolescentem
673 1522 688 1558 a
706 1507 769 1562 suis
786 1505 975 1579 parentibus,
992 1514 1148 1575 antequam
1161 1518 1215 1556 oo.

154 1606 210 1662 get·
233 1592 337 1649 durius
363 1593 392 1649 in
416 1594 498 1650 iilum
523 1613 620 1666 agere.
655 1596 744 1651 Ferre
768 1597 847 1651 enim
874 1611 973 1650 meum
999 1594 1128 1648 officium
1152 1610 1213 1648 non

153 1690 275 1754 potest,
300 1695 332 1738 ut
356 1683 404 1739 ille
427 1684 540 1757 absque
563 1686 640 1741 scitu
664 1687 790 1757 parentis
813 1686 857 1740 sui
883 1694 975 1739 tentet
992 1683 1162 1754 conjuginm
1180 1682 1212 1738 in

152 1769 215 1826 laec
231 1770 389 1841 Ecclesia,
405 1775 501 1830 multo
516 1774 615 1830 minsas
634 1792 703 1830 cum
720 1791 791 1853 mea⁸
802 1785 910 1846 nepte,
928 1788 996 1829 cum
1011 1773 1073 1844 jam
1090 1770 1212 1827 biennio

153 1871 261 1916 contra
281 1862 406 1933 jtrnistee
431 1861 493 1919 boc
518 1865 689 1935 exemplum
715 1863 889 1920 damnarim.
933 1863 1067 1918 Summa:
1096 1860 1214 1916 videtur
1313 1866 1317 1871 '

150 1949 230 2007 mihi
249 1949 394 2008 Emestua
411 1953 509 2009 omnia
526 1952 706 2009 mendaciter
718 1969 819 2022 agere,
836 1964 866 2007 et
875 1953 993 2009 stultam
1005 1951 1212 2007 mulierculam

151 2041 284 2098 ludibrio
304 2040 434 2110 habere,
459 2061 513 2117 per
539 2043 657 2099 Diaboli
684 2044 821 2099 malitiam
847 2043 877 2097 in
900 2058 995 2097 meam
1021 2041 1212 2112 ignominiam

151 2132 356 2205 practicantis.
388 2133 557 2203 Diligenter
574 2134 662 2202 igitur
677 2134 776 2188 omnia
793 2133 827 2187 ad
845 2149 893 2188 ms
908 2132 1033 2189 scribas.
1063 2131 1142 2188 Nam
1154 2130 1211 2188 bas

151 2222 270 2293 nuptias
287 2221 335 2276 vet
352 2221 414 2278 hoc
435 2223 556 2279 nomine
580 2222 754 2294 impediam,
781 2222 861 2294 quod
886 2221 1030 2277 hactenus
1054 2221 1100 2277 eui
1121 2221 1212 2292 patria

150 2311 337 2369 voluntatem
355 2329 416 2367 non
433 2310 614 2380 ostenderit,
640 2323 668 2367 et
684 2312 772 2367 simul
790 2328 859 2367 curn
882 2312 942 2383 ipsa
967 2327 1063 2366 meam
1084 2311 1213 2369 auctori-

150 2414 246 2459 tatem
265 2402 470 2462 contemserit.
503 2401 544 2457 Et
557 2402 659 2456 ridebo
672 2404 804 2456 Satanam
822 2403 909 2464 (Deo
923 2399 1060 2466 volente)
1077 2417 1125 2455 me
1137 2401 1213 2456 risu-

150 2507 223 2555 rum
240 2508 310 2547 cum
326 2491 464 2546 Ecclesia
481 2507 556 2545 mea.
590 2492 672 2547 Bene
690 2492 771 2559 vale,
790 2501 819 2545 et
836 2492 882 2545 fao
895 2491 976 2561 quod
989 2491 1025 2545 de
1037 2500 1066 2546 te
1079 2490 1212 2546 conlido.

147 2581 318 2640 Dominica
334 2590 406 2654 post
423 2580 622 2641 visitationem
639 2556 772 2647 M'ariae,
788 2579 953 2635 MDXLV.

779 2698 821 2756 T.
838 2698 987 2755 Martinus
1004 2697 1120 2756 Luther
1135 2696 1178 2755 D.

360 2887 499 2940 ecaterinae
512 2887 552 2941 nat
565 2897 591 2940 m
604 2886 686 2938 blatern
699 2884 771 2935 melei
781 2881 1004 2937 blnrnaeidtaleben:

203 3019 251 3071 lias
270 3018 353 3067 literae
371 3017 577 3071 Reveteudisalml
597 3015 671 3063 Patris
693 3028 761 3074 qnam
785 3014 885 3072 primum
905 3012 1078 3070 perlegissem,
1100 3023 1212 3069 egonus

149 3105 209 3140 eum
228 3092 256 3138 ll.
277 3092 455 3149 christophoro
474 3091 537 3136 lusti
559 3089 667 3135 bissono
689 3092 714 3136 et
731 3089 807 3139 ibatne
829 3099 884 3133 meo
903 3084 1044 3132 Baltllssaro
1062 3084 1211 3130 Lauterbatb

150 3165 224 3215 illico
243 3165 267 3212 in
287 3166 376 3216 Manen
392 3165 421 3210 ad
442 3165 472 3210 1).
491 3166 573 3219 Gener
589 3162 711 3217 Reucbel,
730 3162 852 3208 Pastorem
870 3159 1007 3213 Ecclesiae,
1029 3161 1120 3215 patrem
1139 3158 1211 3209 bruce

149 3239 333 3291 adolescentis,
352 3251 390 3284 me
404 3238 565 3295 recipiebam,
583 3237 623 3294 qui
637 3236 748 3281 modesto
762 3245 881 3290 responso
895 3244 921 3279 ee
940 3239 965 3279 et
982 3232 1055 3277 lilium
1069 3245 1136 3277 auum
1150 3231 1211 3277 nihil

149 3316 262 3359 uturum
276 3316 362 3357 contra
373 3311 403 3362 l).
417 3309 516 3356 Martini
529 3309 681 3354 voluntalem
695 3307 840 3360 affirmabat,
854 3309 990 3351 monstrans
1003 3305 1087 3350 literae
1100 3304 1143 3350 filii
1158 3305 1212 3359 aui,

149 3385 193 3446 qui
212 3384 375 3442 sipiritirabal,
394 3397 421 3430 se
434 3396 448 3428 a
462 3384 489 3429 ll.
503 3383 565 3428 Plrii.
579 3381 768 3428 blelancbtbone
787 3381 894 3436 graviter
912 3378 1059 3425 admonitum
1079 3378 1103 3427 in
1116 3379 1155 3425 dle
1167 3379 1212 3423 lo,

148 3458 238 3512 aratris,
258 3471 287 3503 ue
301 3458 359 3505 talia
372 3460 479 3502 irritaret
491 3469 543 3502 enm
558 3455 637 3500 vinna.
665 3453 761 3498 antidit
780 3453 838 3498 liner
857 3453 931 3497 rerba
944 3451 968 3497 in
983 3451 1072 3498 literis:
1099 3453 1141 3504 {tm
1159 3453 1211 3498 mili

150 3533 198 3578 mit
213 3532 283 3579 bititt
297 3531 397 3578 mittent·
410 3539 478 3581 neme
491 3530 604 3585 tutricem
618 3528 684 3576 ianm
704 3529 727 3574 io
745 3526 776 3573 leb
790 3535 836 3571 non
851 3526 887 3575 ibt
901 3526 937 3570 toi
950 3526 1039 3570 metten
1053 3535 1113 3575 man.
1139 3526 1211 3574 metm

149 3605 182 3657 ne
194 3605 246 3650 nltt
259 3605 316 3650 midi
330 3603 391 3650 niort
405 3604 473 3652 tanen
487 3612 515 3649 rt.
541 3600 611 3650 tuter
624 3599 751 3657 promisit,
767 3611 794 3646 se
812 3598 891 3657 primo
905 3611 974 3652 nane
987 3597 1072 3647 literae
1084 3599 1211 3647 missurum

151 3684 181 3724 et
193 3675 270 3728 tilium
283 3679 463 3731 revocaturum.

203 4028 428 4083 mauritanis.
