2730 4724
138 340 201 407 sss
275 424 277 427 ¹
620 343 710 411 isse.

137 495 328 567 dispensatio.
367 495 462 554 Nune
485 496 611 554 suadere
636 517 699 555 non
725 513 905 572 possumus,
928 507 961 555 ut
985 494 1196 555 introducatur

138 587 258 659 publice
275 600 304 642 et
319 588 401 643 velut
417 588 482 657 iege
499 588 648 644 sancietur
660 589 834 662 permissio,
852 589 969 662 piures,
987 605 1078 661 quem
1091 606 1195 658 unam,

138 690 250 731 uxores
275 677 408 732 ducendi.
443 678 472 732 Si
497 678 605 749 sliquid
622 678 678 734 isac
703 680 739 733 de
756 697 788 733 re
812 679 912 752 prasio
936 681 1192 750 committeretur,

135 753 223 825 isciie
239 765 370 837 inteiligit
386 766 492 823 Vestra
511 767 609 835 Cels,
630 760 658 823 id
677 773 825 840 praecepti
848 768 941 824 instsr
956 768 1139 824 intellectum
1164 780 1194 825 et

137 867 323 925 acceptatum
341 855 393 924 iri,
415 857 492 911 unsis
511 858 601 912 mults
619 858 758 913 scsndeis
780 867 810 913 et
829 857 1012 914 difficultates
1028 856 1193 915 orirentur.

137 944 331 1013 Consideret,
349 961 546 1016 quaesumus,
562 946 641 1000 Cels.
658 946 782 1014 Vestes,
799 963 887 1018 quem
905 947 1023 1003 sinistre
1042 947 1195 1018 accipere.

137 1044 202 1103 tur,
225 1037 251 1091 si
274 1038 339 1108 quis
363 1037 592 1092 convinceretur
614 1037 691 1092 hunc
714 1039 809 1105 legem
832 1037 862 1093 in
888 1036 1078 1094 Germaniam
1102 1039 1196 1095 intro.

138 1126 279 1194 duxisse,
303 1143 379 1198 quse
398 1140 583 1182 seternsrum
607 1127 702 1181 litium
725 1139 755 1183 et
780 1127 1016 1200 inquietudinum
1035 1130 1133 1200 (quod
1158 1130 1195 1185 ti.

138 1215 295 1282 mendum)
313 1218 410 1273 iuturs
427 1228 508 1272 esset
524 1215 723 1278 seminarium.

204 1354 296 1431 Quod
320 1354 432 1428 opponi
457 1365 571 1427 potest,
594 1355 674 1426 quod
698 1372 799 1413 corum
825 1355 897 1412 Deo
923 1372 1051 1428 aequum
1075 1367 1121 1413 est
1129 1398 1139 1427 ,
1164 1358 1194 1419 id

139 1447 261 1503 omnino
287 1444 533 1518 permittendum,
559 1443 621 1499 hoc
647 1455 726 1499 certn
752 1446 863 1500 ratione
892 1458 922 1501 et
947 1447 1117 1502 conditione
1146 1460 1195 1506 est

139 1536 354 1608 accipiendum.
389 1536 417 1590 Si
435 1551 484 1589 res
509 1545 554 1588 est
571 1534 702 1588 mandata
719 1536 766 1589 vei
791 1537 976 1603 necessaris,
999 1554 1105 1591 verum
1129 1549 1194 1606 cst,

104 1612 106 1617 ¹
139 1627 221 1700 quod
243 1625 396 1696 objicitur:
422 1625 446 1680 si
471 1642 528 1680 nec
545 1626 677 1680 mnndsts
695 1642 752 1679 neo
775 1625 944 1681 necessaria
961 1627 1017 1694 sit,
1040 1628 1112 1686 siiss
1137 1631 1195 1684 cir.

138 1717 331 1772 cumstrmtiss
343 1723 462 1789 oportet
479 1714 657 1787 expendere.
689 1714 730 1769 Ut
742 1716 777 1769 sd
790 1717 972 1788 propositam
986 1723 1194 1789 quaestionem

139 1807 262 1881 propius
286 1805 474 1860 accedemus:
500 1805 588 1859 Deus
611 1804 832 1860 matrimonium
857 1806 998 1876 instituit,
1024 1819 1054 1862 ut
1077 1821 1193 1866 tautum

140 1898 265 1952 duarum
287 1906 318 1950 et
333 1911 395 1949 nou
410 1894 537 1966 plurium
555 1909 751 1966 personarum
775 1903 856 1950 esset
876 1896 1020 1964 societas,
1047 1897 1072 1951 si
1091 1911 1194 1954 nutura

138 2002 201 2047 non
218 1993 297 2041 esset
313 1991 465 2056 corrupte:
483 1983 543 2037 hoc
561 1982 685 2038 intendit
701 1981 748 2038 iiis
765 1984 923 2041 sententis:
949 1985 1062 2041 Erunt
1078 1988 1141 2042 duo
1157 1988 1195 2045 s'rt

140 2089 339 2142 carneuna,
364 2073 453 2144 idque
469 2071 606 2145 primitus
624 2071 677 2126 fuit
693 2070 896 2129 observetum.
929 2074 986 2129 Sed
1004 2075 1140 2132 Lamech
1163 2078 1194 2135 in

139 2165 360 2225 matrimonium
377 2162 571 2233 pluralitatem
589 2175 719 2215 uxorum
736 2162 866 2230 invexit,
891 2165 972 2234 quod
989 2164 1025 2218 de
1046 2165 1097 2220 iilo
1115 2166 1194 2222 Scri.

97 2316 106 2338 '
140 2265 226 2333 ptura
244 2264 404 2323 memorat,
422 2261 558 2323 tunquam
576 2250 774 2305 introductum
791 2265 894 2307 contrs
911 2255 1034 2324 primum
1051 2258 1193 2326 regulum.

140 2345 228 2416 Apud
246 2342 377 2398 infideles
395 2355 489 2396 tumen
509 2339 564 2394 tuis
580 2340 795 2396 consuetudine
817 2356 984 2414 receptum:
1010 2356 1113 2416 postes
1130 2347 1194 2401 Ab,

141 2435 244 2495 raham
261 2448 383 2505 quoque
406 2441 435 2487 et
461 2430 526 2502 ejus
544 2429 655 2502 posteri
674 2430 774 2502 plures
792 2432 941 2488 duxerunt
965 2451 1087 2493 uxores.
1121 2438 1195 2493 Cer.

139 2537 206 2581 tum
222 2535 285 2593 est,
302 2521 363 2579 hoc
380 2520 569 2597 postmodum
586 2519 650 2590 iege
669 2518 768 2576 Moris
787 2523 964 2591 permissum
982 2526 1092 2596 fuisse,
1117 2539 1193 2584 teste

113 2688 116 2695 <
140 2615 287 2689 Scriptura
310 2612 402 2675 Deui·
427 2610 528 2677 ixi„
554 2619 586 2666 ut
609 2609 703 2664 homo
727 2608 851 2665 haberet
875 2612 947 2667 duas
973 2631 1097 2672 uxores:
1125 2635 1192 2673 nam

140 2703 230 2765 Deus
254 2702 347 2772 frngiii
364 2710 482 2756 neturus
506 2697 616 2771 aliquid
637 2698 768 2754 indulsit.
803 2699 879 2755 Cum
900 2719 974 2757 vero
997 2705 1143 2777 principio
1166 2716 1195 2762 et

141 2793 281 2852 crestioui
307 2800 540 2852 consentaneum
564 2790 620 2853 sit,
644 2787 731 2842 unios
753 2804 850 2844 uxore
876 2802 1049 2848 contentum
1074 2797 1194 2865 vivere,

140 2882 315 2958 ituJusmodi
332 2883 383 2937 iex
400 2892 446 2936 est
463 2878 633 2947 laudabilis,
657 2889 687 2932 et
703 2878 739 2932 ub
756 2877 896 2936 Ecclesia
916 2886 1113 2953 acceptanda,
1137 2904 1194 2943 neo

142 2974 194 3035 iex
210 2975 281 3033 huic
297 2970 445 3031 contraris
460 2968 622 3024 statuenda.
655 2966 734 3024 Num
752 2968 890 3026 Christus
909 2975 1015 3043 repetit
1031 2974 1108 3030 hsno
1127 2994 1194 3033 sen.

141 3065 277 3125 tentismz
293 3061 405 3125 Erunt
416 3058 478 3115 duo
495 3057 529 3116 in
547 3073 646 3111 corne
663 3072 730 3112 una
745 3054 858 3114 Metth.
872 3059 969 3129 xlm,
983 3048 1018 3116 'et
1034 3063 1063 3118 in
1081 3082 1195 3121 memo,

140 3157 216 3221 tiam
233 3160 375 3221 revocet,
398 3148 485 3227 qusie
501 3135 721 3202 matrimonium
745 3157 810 3202 unte
827 3147 986 3205 humanam
1011 3153 1196 3224 fragilitatem

143 3263 212 3303 esse
229 3242 391 3299 debuisset.
425 3238 521 3293 Certis
544 3250 640 3292 tumen
658 3236 775 3292 essibus
798 3238 885 3294 locus
908 3253 954 3296 est
971 3242 1195 3315 dispensationi.

143 3338 174 3394 Si
195 3335 261 3409 quis
284 3332 360 3405 spud
386 3341 503 3384 exteras
521 3328 654 3384 nationes
671 3327 801 3398 captivus
825 3329 860 3382 ad
877 3346 977 3386 curam
1003 3337 1139 3406 corporis
1165 3347 1196 3393 et

143 3427 299 3484 sanitatem
315 3419 370 3477 sibi
387 3420 504 3474 alterum
523 3432 649 3472 uxorem
667 3418 892 3486 superduceret,
913 3421 960 3475 vei
978 3422 1003 3478 si
1021 3426 1086 3494 quis
1104 3426 1196 3482 habe,

144 3528 192 3576 ret
215 3517 381 3587 leprosum:
409 3508 455 3564 his
477 3505 598 3562 essibus
622 3507 742 3562 aiterum
766 3507 875 3563 ducere
900 3527 970 3565 cum
994 3515 1123 3570 consilio
1149 3519 1195 3573 sui

143 3586 294 3673 Pastoris,
318 3619 379 3659 nou
405 3598 565 3654 intentione
589 3612 698 3652 novem
723 3597 818 3668 legem
842 3599 1017 3671 inducendi,
1043 3606 1097 3660 sed
1122 3624 1194 3663 suso

144 3693 315 3771 necessitati
339 3687 532 3757 consulendi,
558 3686 640 3742 hunc
664 3702 815 3744 nescimus
839 3706 898 3762 qus
920 3692 1034 3747 ratione
1057 3694 1193 3754 demum

120 3823 126 3829 -
145 3789 262 3846 liceret.

213 3915 290 3971 Cum
314 3910 401 3983 igitur
424 3907 501 3964 aliud
518 3908 573 3976 sit,
596 3908 737 3964 inducere
752 3906 866 3977 legem,
892 3907 968 3966 aliud
987 3911 1027 3966 uti
1044 3911 1195 3986 dispensa.

148 4009 246 4070 tione:
263 4002 458 4062 obsecrsmua
476 3997 611 4056 Vestrum
627 3996 707 4055 cus.
716 4035 726 4068 ‚
743 3997 897 4070 sequentis
909 3999 981 4055 velit
998 4003 1195 4061 considerare.
