2730 4724
539 352 630 427 1⁵³9.
1049 351 1120 417 201·

90 502 287 581 murres
437 529 446 536 ··
728 510 789 570 ut.
806 503 1100 575 stococnxxv.'

395 659 445 729 uu
467 655 609 743 &titt
628 661 772 746 artat.

105 814 132 864 t.
144 809 263 870 metit
275 815 506 873 talmedttosrti
518 816 587 877 deul
599 828 646 869 neu
657 820 738 871 lectu
751 819 799 868 rut
811 820 895 867 uruat
908 816 1068 874 titulabitur.

108 1049 162 1099 w
174 1050 354 1105 ttsrttrirtl
367 1051 528 1109 urtrturdtrt
540 1053 687 1108 emulum
701 1051 774 1101 lm
788 1050 829 1105 lu
841 1046 951 1107 §diist
966 1041 1007 1095 lu
1019 1042 1070 1096 tort

59 1179 117 1272 G·
134 1236 165 1282 et
179 1227 218 1286 P.
251 1228 320 1289 Nec
336 1249 410 1303 ego,
435 1235 476 1290 mi
491 1235 591 1305 Jonr,
614 1248 655 1304 ex
672 1243 717 1291 tot
733 1224 904 1291 literir'tuis
921 1243 1047 1303 possum
1070 1226 1117 1304 in.

59 1316 394 1391 telligermmeescsse
410 1323 462 1379 tibi
475 1324 622 1393 redditas,
640 1321 696 1381 nisi
714 1337 797 1380 unas.
832 1309 873 1378 su
888 1320 951 1376 hoc
962 1319 1010 1375 vel
1026 1333 1117 1376 ossus

58 1408 108 1461 vel
135 1407 258 1464 Seteoee
282 1398 380 1484 culpa.
413 1413 572 1470 Caeterum
595 1414 777 1472 commendo
800 1412 853 1474 tibi
876 1409 991 1468 affinem
1015 1419 1118 1464 meum
1204 1412 1207 1417 “

59 1494 144 1553 linas
168 1499 290 1555 eBora.
322 1501 444 1559 Poteris
461 1519 517 1576 pro
540 1521 578 1561 eo
596 1503 775 1576 fidejubere,
798 1518 866 1559 esse
883 1499 1035 1557 hominem
1058 1498 1120 1555 sin.

60 1602 185 1657 cerum,
208 1590 362 1647 candidum
379 1602 411 1648 et
427 1593 538 1663 tidem,
561 1595 651 1650 sicuti
668 1602 696 1649 et
711 1604 743 1649 tu
761 1608 828 1648 eum
845 1590 935 1647 nosti.
967 1586 1071 1643 Scribo
1087 1594 1120 1644 et

59 1685 119 1746 'ego
136 1695 193 1750 pro
210 1689 248 1734 o'o
265 1679 300 1733 ad
318 1680 553 1738 illustrissimum
572 1682 740 1755 Principem
758 1681 940 1746 Henricom3
961 1689 1041 1734 certe
1056 1693 1120 1759 nou

62 1779 119 1837 pro
141 1769 241 1840 aliquo
259 1769 449 1828 Scherhenso
467 1781 518 1828 aut
532 1772 715 1839 Thrasone,
736 1771 837 1827 verbis
861 1770 960 1826 omnia
975 1767 1119 1836 notente,

60 1871 95 1910 re
119 1856 183 1928 ipen
207 1859 357 1914 contrarie
379 1860 503 1936 furenti,
529 1872 562 1916 ot
584 1861 665 1918 nosti
689 1861 867 1930 hungerius
892 1870 1120 1926 centaurorum,

60 1947 112 2016 qui
130 1946 222 2002 hodie
238 1949 283 2004 sio
299 1961 442 2006 crescunt
452 1962 489 2006 et
505 1951 737 2023 multiplicantur
758 1949 966 2005 maledictione
981 1947 1063 2014 Dei,
1086 1955 1121 2002 ut

62 2033 148 2092 brevi
160 2038 219 2093 sint
235 2038 383 2109 impleturi
396 2051 506 2097 terrem
524 2034 673 2113 iniquitate
690 2051 719 2096 et
729 2050 871 2111 conupta
885 2039 994 2094 facient
1007 2036 1119 2106 omnia,

63 2136 96 2180 ut
112 2143 243 2183 necesse
259 2128 298 2183 eit
314 2130 456 2184 mundum
472 2147 533 2185 non
551 2131 670 2203 quidem
687 2131 820 2198 diluvio,
844 2128 962 2185 sedvel
982 2125 1120 2184 incendio

63 2217 164 2292 aliqup
180 2235 305 2288 magno,
326 2222 377 2277 vel
400 2212 494 2294 (quod
512 2223 604 2293 magis
622 2221 728 2289 velim)
745 2222 973 2292 conflagratione
994 2218 1120 2277 extremi

64 2307 120 2363 diei
138 2309 266 2380 purgiri.

131 2413 223 2470 Nove
240 2415 319 2470 nulls
329 2455 338 2482 ‚
359 2416 434 2484 nisi,
453 2419 534 2489 quod
551 2416 648 2474 bonus
664 2417 711 2473 vir
732 2418 780 2473 ille
797 2417 915 2472 tendent
932 2415 1068 2487 migravit
1084 2414 1119 2469 ad

65 2501 234 2558 Dominum
252 2506 341 2560 Claus
360 2506 535 2561 Biidenhain
553 2509 601 2576 (ut
617 2517 666 2561 tue
685 2506 792 2579 Sophia
811 2506 888 2561 solet
904 2505 1013 2577 loqui).
1046 2503 1122 2560 Scri.

66 2603 151 2664 pium
173 2605 220 2650 eet
244 2595 279 2650 rd
295 2596 359 2650 Dn.
377 2596 558 2669 Philippum.
596 2597 630 2652 ln
646 2597 785 2667 Hispania
807 2595 864 2651 sub
890 2607 1006 2668 parturn
1029 2595 1122 2669 impe.

68 2683 182 2739 tetricis
205 2686 324 2755 triginta
347 2685 427 2741 viros
453 2703 522 2742 sese
539 2686 658 2755 flagellis
676 2686 838 2742 caecidisse
861 2685 895 2739 sd
913 2686 1038 2740 multum
1055 2700 1123 2740 sao·

67 2773 188 2843 guinem
205 2791 261 2847 pro
279 2777 362 2832 salvo
380 2787 484 2848 partu,
510 2776 586 2832 duos
604 2793 643 2831 ex
662 2777 718 2831 illis
737 2775 907 2831 concidisse
925 2775 987 2829 suis
1004 2773 1122 2843 flagellis

66 2874 97 2918 et
115 2865 304 2939 exspirasse,
321 2877 347 2918 et
366 2876 463 2920 tamen
476 2878 599 2920 matrem
619 2876 647 2920 et
665 2867 781 2920 loetum
797 2882 857 2920 non
876 2874 1034 2935 potuerunt
1051 2863 1123 2918 libe.

68 2970 144 3008 rare.
196 2953 261 3008 luid
278 2954 415 3022 gentilius
432 2955 481 3009 vel
499 2955 574 3026 apud
592 2955 715 3023 gentiles
728 2953 791 3008 lieri
809 2954 925 3025 potuit,
943 2963 991 3007 aut
1003 2954 1123 3025 potest?

68 3043 189 3099 Scilicet
214 3044 301 3102 Deus
326 3043 374 3098 his
399 3043 553 3100 sacrificiis
582 3045 715 3117 placatur
741 3045 777 3097 ab
804 3044 869 3112 his,
897 3047 946 3115 qui
972 3044 1124 3100 Christum

70 3134 224 3188 occidunt.
258 3133 347 3189 Forte
365 3143 393 3188 et
405 3133 484 3205 Papa
502 3150 555 3187 eos
568 3133 750 3188 canonisnbit
764 3133 833 3188 loco
845 3133 1014 3201 Benuonis,
1032 3149 1123 3205 quem

68 3240 126 3280 vos
143 3223 393 3291 decanonisestis,
411 3240 473 3277 non
490 3223 574 3277 veriti
588 3222 774 3291 Cochleum,
792 3223 911 3278 Schmid
930 3236 958 3279 et
972 3223 1124 3293 Nausea,

69 3314 122 3368 sed
141 3331 197 3368 nec
215 3314 386 3379 Sadoletos,
410 3314 556 3367 contraria
575 3314 770 3382 docentibus,
797 3324 825 3366 et
843 3313 929 3368 vobis
947 3313 1054 3368 merito
1081 3313 1126 3370 in.

69 3402 248 3472 dignaturie,
266 3401 437 3474 indignatis,
454 3402 679 3471 indignantibus,
696 3401 936 3472 indigniliceturis
948 3404 972 3470 ¹)
990 3418 1124 3477 quoque,

70 3505 100 3548 et
116 3494 258 3565 'quicquid
276 3493 324 3547 vel
342 3492 645 3561 mategrammarice,
663 3493 712 3546 vel
730 3493 859 3564 pessime
877 3492 1048 3561 theologice
1066 3493 1123 3548 dici

70 3595 178 3655 potest.
211 3583 280 3638 Tua
306 3582 412 3637 domus
438 3582 519 3637 salva
545 3594 589 3636 est
606 3582 676 3637 Deo
701 3582 800 3651 gretia.
833 3583 904 3638 Vale
929 3584 958 3638 ia
978 3583 1124 3642 Domino.

69 3673 155 3733 Feria
170 3675 196 3729 ⁵.
214 3684 283 3751 post
299 3669 469 3742 Laurentii,
484 3670 699 3730 MDxxxlx.

739 3778 779 3837 Τ.
797 3778 946 3837 Martinus
963 3779 1091 3839 Luther.

120 4033 143 4084 il
164 4030 199 4084 Gi
213 4030 278 4083 toute
291 4029 354 4084 istil
368 4029 499 4085 docentes,
512 4027 680 4086 iudisoaturos
692 4038 716 4077 u.
729 4029 746 4082 i.
760 4031 776 4082 i·
790 4028 888 4085 Μαι,-
972 4056 978 4065 ,
