2730 4724
647 355 736 424 isso.
871 309 873 313 ¹
1154 355 1214 419 221

199 518 239 573 1⁰.
256 512 474 576 uirtutes.
649 576 653 581 ,
715 578 717 582 ,
879 510 1236 569 N⁰.MDcccxct.<

427 679 475 749 tin
496 656 764 760 olitoribus
784 678 950 750 θείειν.

187 849 260 898 urse
277 849 313 898 tie
331 850 468 902 nautico.
503 851 561 907 mni.
576 850 853 972 gpcztgffilltpvnl.
878 849 1032 900 tdbxtvlll.
1057 848 1188 897 tibilim.

210 1204 263 1256 iser
275 1203 410 1252 budicus
423 1216 447 1263 p.
461 1205 507 1254 267.
521 1205 565 1254 tul
579 1204 681 1253 collect.
694 1203 740 1252 n..
755 1203 928 1253 commilitii.
942 1205 959 1252 i.
972 1207 1006 1257 ta
1019 1206 1058 1260 t.;
1079 1183 1212 1254 welleri

158 1277 225 1336 ορ).
238 1291 303 1324 ona.
320 1288 339 1332 a.
351 1279 415 1330 ente
435 1291 458 1336 p.
468 1280 512 1326 zos.
527 1291 561 1336 sq.
569 1295 576 1334 ;
598 1278 685 1329 ttuttd
698 1280 738 1329 bru
751 1277 844 1329 totid
857 1278 921 1326 xxi.
934 1277 992 1328 ¹299.
1017 1279 1073 1328 wir
1088 1280 1159 1334 iuben
1173 1280 1211 1327 riu

157 1353 236 1405 Ostia.
248 1352 327 1404 mint.
340 1356 387 1400 utto
399 1351 530 1399 Welleri
544 1350 605 1410 Opp.
618 1351 753 1407 otrsiitbtrt.

159 1510 307 1611 Gratiam
330 1566 361 1611 et
382 1574 487 1628 pacem
509 1575 563 1630 per
578 1557 742 1614 Christum.
776 1556 826 1613 De
849 1556 1006 1614 infantibus
1021 1556 1048 1624 ¹)
1071 1557 1100 1613 in
1122 1567 1208 1614 utero

157 1647 260 1703 matris
276 1647 468 1718 baptizandis,
485 1650 525 1702 mi
539 1648 580 1702 D.
592 1648 786 1716 Hieronyme,
803 1658 834 1701 tu
852 1648 924 1718 ipse,
943 1659 974 1702 ut
990 1647 1110 1716 scribis,
1128 1658 1209 1703 recte

153 1736 292 1808 judicas,
310 1755 370 1792 non
389 1753 456 1792 esse
474 1738 679 1809 baptizandos,
692 1738 717 1803 2)
737 1737 792 1792 nisi
810 1738 891 1807 prius
908 1738 967 1792 sint
984 1737 1053 1792 nati.
1066 1734 1095 1804 ³)
1128 1738 1211 1793 Allo.

157 1827 230 1898 quin
247 1826 322 1881 haec
339 1828 456 1882 tandem
479 1837 656 1899 sequeretur
676 1825 857 1896 absurditas,
873 1820 904 1893 ⁴)
927 1836 958 1881 ut
981 1829 1078 1883 foetus
1103 1828 1156 1883 vix
1180 1829 1209 1885 in

156 1927 245 1970 utero
263 1917 363 1970 vivere
387 1927 415 1971 et
436 1916 551 1971 moveri
575 1916 719 1987 incipiens
744 1916 847 1970 eadem
872 1930 976 1983 causa,
999 1932 1052 1970 seu
1075 1916 1210 1988 periculo

156 2006 263 2061 matris
281 2005 475 2075 aegrotantis,
498 2006 621 2076 perfuso
638 2022 714 2080 aque
730 2014 833 2059 ventre
851 2006 966 2073 matris,
987 2003 1160 2076 baptizetur.
1177 1999 1210 2074 ⁵>

157 2094 217 2150 Sed
234 2104 333 2149 tamen
349 2093 513 2164 hoc‘agont
529 2093 669 2148 mulieres
688 2094 716 2148 in
732 2105 817 2164 partu
829 2094 1017 2151 assistentes:
1034 2109 1210 2164 orentgenu

157 2187 256 2253 dexo,
275 2199 310 2239 ac
326 2184 464 2239 infantem
481 2183 694 2254 periclitantem
709 2198 778 2237 suae
791 2182 855 2237 fidei
868 2183 972 2256 spiritu
986 2183 1054 2239 Deo
1065 2183 1113 2256 pie
1125 2200 1210 2240 com.

157 2275 316 2340 mandent,
339 2273 390 2343 qui
406 2284 514 2344 potens
533 2284 579 2329 est
598 2275 685 2345 plus,
705 2288 795 2344 quam
819 2273 964 2344 petimus,
989 2275 1106 2343 facere,
1128 2274 1208 2332 haud

158 2363 248 2419 dubie
266 2376 293 2418 et
310 2363 408 2419 infanti
427 2364 515 2418 vitam
531 2355 557 2418 ⁶)
580 2363 706 2429 donare,
730 2360 796 2416 fidei
814 2362 962 2434 precibus.
996 2364 1108 2419 Verum
1125 2365 1160 2420 de
1177 2357 1208 2432 7)

159 2454 239 2520 aliis,
263 2454 313 2526 qui
331 2455 360 2508 in
378 2452 534 2525 praeterito
550 2452 732 2523 baptizarunt
748 2449 886 2520 infantes,
909 2452 1001 2507 nolim
1019 2455 1208 2525 quaestiones

159 2544 240 2612 fieri,
258 2555 286 2598 et
302 2543 501 2599 conscientias
518 2540 693 2613 perturbari.
728 2540 862 2595 Sinantur
875 2543 925 2612 qui
937 2534 969 2606 8)
987 2554 1072 2609 sunt,
1089 2553 1119 2598 et
1135 2544 1210 2599 inte.

162 2634 218 2687 rim
235 2634 389 2688 credantur
405 2648 472 2687 esse
489 2631 643 2701 baptizati,
661 2646 698 2683 ne
716 2645 833 2684 rursum
851 2642 950 2683 vetera
968 2647 1163 2701 renovemus,
1180 2626 1207 2698 9)

163 2724 249 2777 etiam
270 2735 403 2778 mortuos
421 2722 491 2776 Deo
514 2720 767 2774 commendantes.
784 2721 820 2781 ¹⁰)
855 2718 946 2792 Quod
969 2735 1026 2775 nos
1050 2738 1110 2776 non
1135 2724 1208 2777 feci.

160 2828 244 2880 mus,
269 2821 369 2882 potest
386 2823 488 2882 postea
505 2810 592 2863 Deus
610 2825 662 2876 per
686 2807 812 2861 verbum
837 2805 902 2860 fidei
924 2807 1055 2876 adultos,
1080 2810 1148 2864 dum
1172 2827 1207 2867 se

159 2912 261 2973 putant
283 2917 351 2955 esse
376 2900 558 2970 baptizatos,
582 2897 691 2949 donare
715 2896 819 2965 spiritu
841 2906 870 2949 et
893 2895 931 2949 ita
948 2896 980 2959 in
995 2898 1098 2967 spiritu
1114 2899 1207 2971 bapti.

158 3006 241 3057 zare,
260 2988 425 3061 posthabita
443 2986 567 3041 aliorum
586 2985 740 3055 praeterita
758 2984 940 3052 negligentis.
953 2983 989 3049 ¹¹)
1021 2985 1089 3041 Nos
1107 2998 1206 3044 autem
1251 2983 1253 2987 ’

158 3082 186 3134 in
203 3081 333 3133 futurum
346 3078 555 3142 consulentes,
568 3074 606 3138 η)
623 3073 777 3143 praeterita
790 3088 987 3141 excusamus,
1006 3086 1034 3129 et
1048 3077 1205 3149 utrobique

157 3169 351 3224 conscientiis
370 3167 476 3220 tutiora
494 3163 694 3236 providemus.
711 3158 750 3230 ¹³)
785 3162 855 3215 Vale
877 3172 907 3217 et
925 3181 975 3218 ora
992 3181 1045 3235 pro
1064 3182 1122 3223 me.
1155 3167 1206 3222 Vi.

155 3261 223 3329 gilla
240 3257 378 3323 Martini,
397 3253 607 3312 Moxxxlx.

208 3657 231 3701 il
251 3653 295 3699 nis.
308 3655 324 3704 †
337 3652 422 3697 adhuc.
475 3652 497 3702 2)
516 3649 577 3708 Opp.
586 3648 625 3693 W.
641 3649 684 3693 Ma.
704 3646 882 3708 baptizandum.
908 3646 952 3691 liis.
968 3649 983 3698 †
997 3645 1011 3691 i.
1027 3659 1048 3692 e.
1062 3658 1205 3704 temerati:

151 3727 224 3773 dum.
272 3727 293 3776 3)
308 3723 419 3781 Opp.W.
433 3722 477 3768 Ms.
492 3722 524 3768 sit
538 3727 615 3766 natus.
663 3722 685 3772 i)
704 3717 840 3764 0.W.s1s.
855 3723 1204 3774 sequerentur--nbsurda,

149 3805 177 3852 5)
192 3798 221 3844 0.
229 3797 268 3842 W.
280 3798 323 3844 liis.
338 3795 659 3852 foetum-—incipientem
672 3816 697 3827 -
710 3791 844 3849 baptizent.
893 3794 914 3843 6)
928 3792 1001 3837 0.W.
1018 3793 1061 3838 Ms.
1080 3794 1203 3845 infantem.

149 3877 177 3926 7)
193 3873 223 3918 0.
233 3871 274 3916 W.
290 3872 334 3915 Ms.
348 3872 416 3922 teitu
429 3871 458 3914 de
471 3877 528 3922 totu.
576 3871 597 3916 til
612 3866 641 3911 0.
650 3863 690 3910 W.
704 3865 750 3910 Ms.
764 3865 787 3909 id
800 3864 871 3920 quod.
920 3867 941 3915 9)
955 3863 1029 3910 0.W.
1043 3867 1087 3913 Mt.
1103 3882 1204 3918 revoce-

149 3960 220 3994 mus.
270 3951 303 3994 10)
316 3946 345 3993 Ο.
354 3944 394 3988 W.
410 3943 454 3988 liis.
469 3942 668 3987 rotnurendemua.
719 3939 750 3990 11)
764 3936 793 3983 Ο.
802 3936 841 3981 W.
856 3938 900 3982 liis.
915 3937 1061 3993 postltzbent
1074 3967 1098 3977 -
1111 3948 1205 3998 praete,

151 4023 228 4067 ritant
243 4016 420 4083 negligentiam.
472 4018 504 4064 tl)
518 4014 545 4059 0.
555 4013 594 4058 W.
609 4013 653 4059 liis.
668 4009 822 4069 coticulimus,
872 4014 904 4062 ti)
917 4009 944 4055 0.
955 4010 994 4055 W.
1008 4014 1173 4068 providentes.
