2730 4724
640 335 731 444 asts.
1149 333 1211 407 aaa
1290 367 1294 386 ·

157 501 315 567 pastores,
331 495 398 557 ¹Dei
415 495 521 566 gratia:
545 498 660 554 fructus
677 509 773 555 autem
792 499 875 555 verbi
899 507 928 555 et
946 512 1069 570 operum
1085 487 1213 553 nonest

157 585 264 642 similis
289 587 422 642 fertilitas
448 598 476 643 et
492 588 601 646 servor.
634 589 731 660 Friget
748 591 893 663 populus,
916 598 947 644 et
970 589 1054 644 multi
1079 587 1212 642 libertate
1268 652 1272 661 ι

156 676 284 748 spiritus
301 677 462 733 abutuntur
478 681 506 734 in
524 691 656 752 teporem
675 691 704 735 et
719 665 909 736 securitatem
925 679 952 746 ¹)
976 680 1089 746 carnis,
1106 693 1134 732 et
1151 694 1212 732 nou

156 782 325 839 possumus
348 769 438 824 istum
461 771 584 825 abusum
604 788 619 824 e
638 770 875 826 finibuanosnis
889 771 1056 838 exstirpare
1074 769 1211 824 funditus.

145 854 298 912 ‘Christus
309 869 412 928 augeat
423 847 511 915 vobis
523 860 668 932 spiritum.
694 861 844 916 Dominus
856 859 876 913 d
880 877 949 915 esus
962 859 1099 915 Christus
1111 875 1213 914 emen.

157 946 210 1002 det
235 958 264 1002 et
281 948 413 1017 perficiat
438 953 533 1005 omnia
551 951 755 1022 acceleratque
773 952 851 1006 diem
874 949 1063 1005 redemtionis
1081 959 1212 1005 nostrae.

154 1033 315 1105 Mundus,
331 1038 451 1105 Tmou,
468 1040 618 1108 Judaeua,
636 1040 716 1112 Papa
734 1043 835 1095 furunt
852 1039 1083 1106 blasphemando
1100 1055 1212 1095 nornen

155 1124 307 1194 Domini,
323 1129 465 1182 vastando
478 1145 600 1197 regnum
612 1131 694 1199 ejus,
718 1129 841 1183 ridendo
852 1129 1034 1183 voluntatem
1046 1128 1125 1198 ejus,
1142 1143 1211 1182 cum

155 1217 278 1272 iuterim
297 1234 369 1289 pane
387 1218 522 1272 fruuntur
539 1220 708 1290 quotidiano
726 1219 798 1285 soli,
809 1219 840 1285 2)
861 1219 954 1272 ferme
971 1218 1081 1273 necatis
1099 1217 1211 1272 Christi

154 1305 314 1361 membris.
348 1307 404 1362 Sed
416 1304 446 1373 ³)
462 1308 558 1377 major
575 1319 636 1376 est,
654 1311 703 1379 qui
722 1309 750 1362 in
768 1299 873 1375 nobis,
892 1324 979 1379 quam
992 1308 1042 1378 qui
1059 1309 1088 1360 in
1099 1307 1212 1360 mundo

157 1404 228 1451 eat:
252 1397 315 1467 ipse
332 1396 494 1466 triumphat
518 1407 546 1451 et
562 1396 754 1468 triumphabit
779 1398 807 1451 in
825 1397 911 1452 vobis
935 1413 1029 1468 usque
1054 1396 1082 1451 in
1105 1396 1211 1451 finemt
1302 1424 1307 1433 ·

155 1485 225 1557 lpse
242 1486 487 1541 consoleturvos
504 1502 560 1541 suo
578 1488 686 1558 Spiritu
702 1498 825 1556 sancto,
847 1487 875 1541 in
893 1489 958 1558 q'uo‘
970 1489 1087 1540 vocavit
1104 1503 1159 1541 vos
1175 1477 1213 1541 ad

156 1575 334 1630 societatem
352 1577 490 1647 corporis
508 1578 564 1632 sui.
599 1576 668 1632 Nos
686 1578 790 1645 gratias
808 1595 866 1632 non
888 1577 1057 1631 desinemus
1073 1569 1098 1640 ⁴)
1123 1593 1211 1647 agera

156 1683 217 1739 pro
235 1667 342 1737 vobis,
360 1670 440 1740 quod
458 1669 589 1724 vicissim
606 1686 622 1722 a
638 1671 725 1724 vobis
743 1669 804 1724 lieri
821 1686 881 1724 non
898 1669 1074 1728 dubitamus.

228 1813 319 1889 Quod
337 1815 366 1869 in
378 1815 434 1870 line
451 1816 487 1870 de
505 1815 694 1871 librariorum
710 1815 896 1888 improbitate
913 1815 1059 1881 scribitis,
1077 1814 1212 1870 dolenter

157 1904 312 1980 audimus:
338 1917 426 1977 atque
450 1906 475 1960 si
500 1906 569 1977 quid
594 1907 622 1960 in
641 1905 696 1959 lrac
718 1922 749 1960 re
767 1923 888 1979 quoque
906 1919 1025 1976 possem
1045 1918 1210 1976 praestare,

156 1994 287 2050 libenter
303 1996 443 2050 lacerem.
460 1989 492 2063 ⁵)
526 1994 617 2070 Quod
635 1996 660 2050 si
684 1996 760 2068 apud
778 1994 825 2049 M.
844 1995 941 2050 Vitam
957 1995 1155 2050 Theodorum
1172 1996 1210 2050 da

117 2140 123 2153 ,
157 2080 219 2139 bac
235 2102 269 2139 re
286 2084 420 2158 egeritis,
446 2085 471 2140 is
490 2103 543 2156 per
558 2083 828 2153 Norimbergenses
846 2096 949 2158 posset
966 2087 1100 2154 mittere,
1119 2100 1212 2157 quos.

158 2189 280 2244 cunque
293 2173 384 2228 libros
396 2174 525 2240 velletis,
544 2174 569 2230 si
581 2175 744 2242 catalogum
755 2174 803 2228 vel
822 2175 945 2228 indicem
958 2176 992 2228 ad
1010 2191 1078 2228 eum
1090 2176 1211 2231 daretiS.

157 2262 255 2335 Spero
268 2275 323 2317 vos
335 2262 446 2317 habere
456 2262 560 2318 Locos
572 2279 749 2317 communes
760 2263 903 2335 Philippi,
917 2265 986 2318 item
999 2265 1034 2318 ad
1043 2264 1211 2331 Romanos,

156 2352 317 2409 Danielem
330 2363 387 2406 etc.
420 2351 499 2406 Nam
512 2353 547 2405 de
562 2353 633 2407 meis
647 2353 739 2408 Latini
750 2349 777 2419 6)
795 2354 855 2407 lere
865 2354 936 2408 nulli
955 2367 1036 2423 sunt,
1054 2354 1109 2410 nisi
1127 2370 1211 2410 eom.

156 2442 293 2498 mentm-ii
310 2434 337 2505 7)
353 2459 444 2514 super
460 2441 598 2509 Galatas,
616 2444 731 2514 excepti
750 2460 804 2514 per
819 2444 910 2499 alios:
928 2443 1103 2499 Germanica
1120 2444 1208 2501 vobit

157 2532 232 2588 nihil
249 2543 387 2604 prosunt.

223 2676 257 2732 In
275 2675 410 2731 Domino
428 2693 516 2749 quam
541 2678 652 2748 optime
678 2688 707 2733 et
723 2677 906 2733 sanctissime
923 2679 1034 2746 valete,
1060 2688 1087 2733 et
1103 2679 1208 2735 fratres

158 2779 264 2821 omnes
283 2765 312 2820 in
329 2766 463 2821 Domino
482 2777 653 2823 reverenter
670 2769 809 2836 salutate,
828 2783 936 2837 meque
954 2783 1057 2822 eorum
1071 2768 1210 2851 precibus

157 2856 382 2927 commendate,
408 2867 439 2910 nt
462 2857 614 2911 Dominus
639 2857 716 2911 bona
741 2858 816 2911 hora
845 2857 925 2911 tollat
950 2858 1075 2911 animam
1100 2874 1208 2914 meam.

157 2946 272 3003 Fessus
291 2947 359 3001 satis
376 2963 442 3001 sum
459 2946 595 3014 vivendi,
612 2947 683 3001 satis
701 2948 749 3000 diu
766 2947 828 3001 vixi
846 2947 962 3018 vidique
974 2948 1102 3016 majora,
1120 2965 1209 3020 quam

158 3052 276 3108 sperare
295 3035 371 3089 ullus
389 3036 535 3104 potuisset
552 3036 580 3089 in
599 3036 760 3107 principio,
787 3037 856 3089 dum
879 3037 950 3091 satis
966 3030 990 3101 8)
1014 3037 1207 3106 indulgentias

158 3126 360 3192 reverentius,
386 3143 473 3196 quam
491 3143 543 3197 par
568 3135 646 3191 erat,
671 3138 835 3180 tractarem.
868 3126 1048 3182 Benedictus
1066 3130 1103 3182 sit
1121 3127 1206 3182 Deus

158 3230 188 3272 et
205 3216 294 3272 Pater
309 3217 434 3271 Domini
454 3217 544 3270 nostri
561 3215 636 3269 Jesn
656 3216 781 3282 Christi,
800 3216 849 3287 qui
869 3216 936 3269 lacit
951 3216 1090 3271 mirabilia
1107 3217 1208 3285 solua,

159 3308 265 3362 Amen.
299 3306 397 3361 Datae
414 3305 624 3375 Witenbergae
642 3305 740 3359 Idibus
757 3306 855 3373 danii,
871 3304 1058 3362 MDXLlll.

824 3451 862 3539 ¹V.
879 3451 1029 3508 Martinus
1045 3451 1174 3530 Lutherf

147 3854 150 3858 “
202 3867 222 3914 t)
238 3862 299 3914 ὄώ.
317 3864 468 3912 servitutem.
523 3867 546 3916 2)
567 3866 678 3919 utatur.
696 3865 813 3920 securim
828 3865 905 3918 ltitu't
953 3868 975 3919 ³)
996 3868 1049 3914 Str.
1068 3866 1209 3916 sortioret:

147 3935 398 4063 &fimdegrtriunus
445 3938 543 3991 slede.
557 3938 649 3985 latiam.
691 3939 878 3991 otstnlaliue.
914 3941 1010 3993 llud.
1024 3940 1205 3990 commentaria.
