2730 4724
144 320 206 396 iat
615 319 717 393 istu
743 377 759 420 .

177 478 373 552 suauitas.
866 474 1153 538 Nummum.

528 630 579 699 itu
619 624 816 707 unctiori.

143 785 201 838 azau
213 786 288 834 eineis
301 746 447 840 immutat.
460 792 514 834 aru
526 785 597 840 sues
609 793 679 840 etam
691 787 734 833 ata
745 784 831 845 prem
844 790 893 833 arat
904 783 1090 840 &mdc
1100 789 1181 832 ιιι

191 1033 243 1082 taut
256 1035 294 1081 tte
307 1035 518 1089 &diatritum
530 1037 679 1092 eominus
690 1041 717 1090 tu
728 1035 817 1090 edatis
830 1032 998 1090 itassdiae
1010 1032 1099 1088 13ης
1111 1026 1183 1079 uitta

141 1107 182 1159 itt
196 1108 290 1158 mata
303 1107 368 1156 xxi.
380 1110 439 1158 1493.
463 1108 518 1159 itai
531 1109 566 1156 iat
578 1109 638 1157 cod.
651 1107 760 1171 Seidel.
780 1116 807 1161 aa
819 1107 929 1158 &tritta
942 1103 1077 1158 matii&
1088 1101 1183 1157 ΜΝ

141 1179 171 1234 iit
183 1181 221 1234 sur
233 1180 280 1229 ari
292 1180 419 1236 metium
432 1183 533 1231 carim

142 1335 329 1394 Reuerendo
346 1337 380 1391 in
398 1335 526 1392 Christo
546 1335 647 1405 Vero,
663 1333 805 1391 Domino
817 1332 958 1391 Nicolao
974 1329 1019 1388 ab
1030 1326 1185 1401 Anudoaj,

93 1488 95 1493 ,
206 1426 369 1498 Episcopo
385 1425 550 1482 Ecclesiae
567 1421 826 1499 Numburqemis
844 1439 919 1478 vero
936 1429 967 1510 et
980 1421 1184 1491 ,fidelissima¹

206 1531 264 1571 suo
281 1515 415 1585 Mtp‘ort'
430 1515 469 1570 iae
486 1513 639 1603 Domino.

142 1647 197 1741 G·
223 1703 254 1748 et
269 1692 306 1750 P.
331 1694 361 1749 iu
378 1692 525 1749 Domino·
558 1691 648 1748 Venit
670 1690 722 1747 hic
747 1690 897 1746 literarum
921 1687 1064 1759 bajulus,
1087 1685 1188 1761 opt'n

142 1782 213 1851 Vir,
229 1786 354 1839 afferens
370 1782 451 1860 mihi
462 1798 583 1839 causam
593 1780 788 1850 matrimonii,
806 1795 897 1852 quem
914 1795 985 1833 cunr
1004 1779 1188 1850 inteiligern

142 1872 180 1926 de
197 1884 246 1927 trie
263 1872 393 1928 dioecesi
414 1885 499 1938 csse,
523 1871 623 1926 remisi
649 1887 718 1925 eum
742 1868 778 1924 ad
798 1881 882 1923 tuum
900 1866 1141 1935 Consismrium,
1161 1873 1189 1919 nt

141 1961 273 2033 partibus
288 1961 404 2016 vocatis
419 1974 507 2015 causa
524 1959 709 2015 discutiatur:
737 1973 804 2014 nam
820 1973 918 2030 neque
941 1965 1070 2012 nostros
1096 1955 1189 2012 edum

142 2051 233 2106 fimus
259 2051 293 2104 ad
311 2049 486 2109 erudientium
511 2049 600 2104 altere
617 2059 698 2120 parte
721 2047 854 2104 absente.
887 2045 1013 2102 Curubis
1036 2046 1188 2119 igiturpra

143 2139 241 2196 officio
257 2149 309 2194 tuo
326 2139 356 2193 iu
372 2138 430 2193 hac
446 2155 495 2206 re,
513 2138 594 2208 quod
606 2138 732 2208 justum.

207 2252 271 2308 Diu
286 2251 360 2306 nihil
375 2267 394 2305 n
409 2260 439 2305 te
455 2247 607 2320 literarum
625 2251 743 2323 accepi:
760 2267 858 2322 neque
875 2249 961 2318 scio,
973 2248 1133 2323 quomodo
1147 2265 1191 2305 ra·

142 2342 204 2398 icas
227 2351 277 2397 aut
299 2357 385 2411 agas,
411 2348 458 2395 aut
480 2341 596 2413 patiaris
614 2341 713 2416 potius
739 2340 768 2396 in
790 2339 982 2413 Episcopatu.
1015 2341 1069 2397 De
1089 2352 1122 2398 te
1136 2355 1192 2397 nou

140 2433 196 2488 uisi
220 2431 332 2503 optime
350 2430 449 2500 cogito
472 2441 503 2486 et
520 2446 585 2485 oro.
619 2431 670 2487 De
687 2430 871 2502 Episcopatu
887 2431 1024 2487 solicitus
1045 2414 1190 2506 enniprn.

142 2532 211 2594 pter
225 2531 254 2576 te
271 2520 300 2576 in
318 2531 395 2576 tanta
411 2519 496 2574 turba
512 2534 667 2574 causarum
684 2531 714 2575 et
725 2519 938 2576 molestiarum.
972 2520 1031 2576 Sed
1044 2521 1190 2578 Dominus

142 2624 207 2681 cst,
225 2612 274 2668 cui
290 2612 453 2691 ceruimus,
471 2610 599 2685 vivimus
616 2622 646 2665 et
663 2611 823 2676 morimur,
839 2621 872 2665 ut
889 2610 997 2665 Paulus
1013 2612 1069 2668 nit:
1092 2613 1190 2668 Nem

142 2699 293 2760 nostrum
308 2697 368 2755 sibi
382 2699 476 2769 uiuit,
496 2707 587 2754 nemo
604 2697 752 2756 nostrtim
769 2698 830 2754 sibi
844 2700 993 2755 moritur.
1029 2703 1104 2777 Quo
1125 2718 1190 2760 con·

143 2794 269 2851 iortente
290 2805 449 2862 possumus
467 2789 581 2843 omnia:
606 2799 655 2844 aut
672 2805 745 2861 quae
771 2806 832 2844 non
856 2805 1037 2860 possumus,
1060 2807 1095 2846 ea
1112 2802 1191 2860 sunt,

142 2899 218 2956 quae
232 2882 258 2936 ei
271 2897 330 2934 non
343 2880 466 2951 placent.
498 2877 615 2932 Bellum
628 2877 704 2933 istud
719 2891 823 2932 contra
834 2878 1050 2933 incendiarium
1065 2879 1192 2937 Heium
1232 2910 1234 2917 ·

144 2986 257 3045 quaeso
281 2969 332 3024 tibi
357 2979 388 3022 et
403 2965 560 3022 Ecclesiae
576 2966 815 3021 commendatum
832 2966 955 3022 habeas:
977 2967 1069 3037 juxta
1090 2984 1191 3042 preces

145 3058 319 3131 simpliciter
334 3055 534 3111 necessarium
558 3064 605 3109 est
622 3071 675 3126 pro
693 3055 884 3110 defendendis
902 3056 1002 3111 multis
1025 3059 1190 3131 oppressit:

145 3152 198 3208 sed
215 3161 310 3204 tamen
328 3162 404 3219 opus
421 3155 466 3200 est
482 3144 592 3200 auxilio
610 3145 725 3216 propitii
744 3144 820 3212 Dei,
839 3163 876 3199 ne
893 3156 1007 3202 nostras
1026 3147 1190 3221 iniquitates

144 3254 174 3296 et
188 3238 294 3295 merita
310 3235 457 3307 respicere
474 3234 560 3300 velit,
585 3235 636 3286 sed
655 3236 815 3287 clamorem
833 3234 1056 3290 addictissimum
1074 3250 1104 3293 et
1121 3238 1191 3293 bias.

143 3329 294 3404 phemiam
306 3325 488 3398 perditorum
499 3322 697 3393 Pupistarum,
716 3325 822 3378 Amen.
856 3324 944 3379 Nova
957 3337 1109 3396 praeterea
1121 3328 1191 3383 nulia

144 3420 300 3476 habemus.
334 3413 396 3470 Ora
413 3428 469 3483 pro
486 3429 551 3478 me,
569 3423 601 3465 ut
619 3410 689 3465 mihi
707 3411 858 3466 Dominus
876 3412 984 3466 boumn
1001 3415 1109 3471 horam
1123 3431 1190 3473 ‹atto-¹

144 3510 243 3564 cedat:
269 3521 338 3583 nam
362 3502 434 3558 mihi
455 3501 561 3571 jejuno
587 3502 683 3555 nullae
702 3514 769 3555 suut
795 3502 917 3570 amplius
943 3503 971 3556 in
993 3506 1091 3576 capite
1108 3507 1189 3562 vires.

144 3597 295 3654 Dominus
318 3605 417 3649 tecum
442 3590 471 3644 in
495 3600 665 3657 aeternum,
692 3592 797 3643 Arnen.
840 3592 947 3646 Salutat
969 3603 998 3647 te
1026 3607 1190 3652 reverenter

144 3703 212 3746 mea
227 3683 334 3740 Ketha.
368 3681 429 3736 Die
448 3678 673 3748 Margarethae,
692 3677 860 3733 MDxth.

763 3792 803 3847 Τ.
822 3792 971 3850 Martinus
988 3795 1109 3856 Luther
1123 3798 1164 3857 D.

1176 3993 1187 4029 Ι
