<?xml version="1.0" encoding="UTF-8"?>
<!DOCTYPE html PUBLIC "-//W3C//DTD XHTML 1.0 Transitional//EN"
    "http://www.w3.org/TR/xhtml1/DTD/xhtml1-transitional.dtd">
<html xmlns="http://www.w3.org/1999/xhtml" xml:lang="en" lang="en">
 <head>
  <title>
</title>
<meta http-equiv="Content-Type" content="text/html;charset=utf-8" />
  <meta name='ocr-system' content='tesseract 3.04.00' />
  <meta name='ocr-capabilities' content='ocr_page ocr_carea ocr_par ocr_line ocrx_word'/>
</head>
<body>
  <div class='ocr_page' id='page_1' title='image "./briefesendschre05luthgoog/briefesendschre05luthgoog_0410.png"; bbox 0 0 2730 4724; ppageno 0'>
   <div class='ocr_carea' id='block_1_1' title="bbox 137 330 1169 613">
    <p class='ocr_par' dir='ltr' id='par_1_1' title="bbox 137 330 1169 613">
     <span class='ocr_line' id='line_1_1' title="bbox 137 330 710 437; baseline 0.007 -4"><span class='ocrx_word' id='word_1_1' title='bbox 137 364 200 434; x_wconf 86' lang='lat' dir='ltr'>tos</span> <span class='ocrx_word' id='word_1_2' title='bbox 622 330 710 437; x_wconf 72' lang='lat' dir='ltr'>aaut.</span> 
     </span>
     <span class='ocr_line' id='line_1_2' title="bbox 174 514 1169 613; baseline -0.001 -30"><span class='ocrx_word' id='word_1_3' title='bbox 174 514 435 590; x_wconf 63' lang='lat' dir='ltr'>tonanter.</span> <span class='ocrx_word' id='word_1_4' title='bbox 861 522 1169 613; x_wconf 67' lang='lat' dir='ltr'>transmarus</span> 
     </span>
    </p>
   </div>
   <div class='ocr_carea' id='block_1_2' title="bbox 413 657 913 858">
    <p class='ocr_par' dir='ltr' id='par_1_2' title="bbox 413 657 913 858">
     <span class='ocr_line' id='line_1_3' title="bbox 477 657 854 744; baseline -0.003 -15"><span class='ocrx_word' id='word_1_5' title='bbox 477 661 525 729; x_wconf 80' lang='lat' dir='ltr'>lla</span> <span class='ocrx_word' id='word_1_6' title='bbox 548 657 687 742; x_wconf 71' lang='lat' dir='ltr'>{luiut</span> <span class='ocrx_word' id='word_1_7' title='bbox 710 658 854 744; x_wconf 60' lang='lat' dir='ltr'>Soanta</span> 
     </span>
     <span class='ocr_line' id='line_1_4' title="bbox 413 799 913 858; baseline -0.014 -7"><span class='ocrx_word' id='word_1_8' title='bbox 413 803 551 854; x_wconf 62' lang='lat' dir='ltr'>attulimus</span> <span class='ocrx_word' id='word_1_9' title='bbox 564 800 679 858; x_wconf 55' lang='lat' dir='ltr'>&amp;ababli</span> <span class='ocrx_word' id='word_1_10' title='bbox 695 802 740 848; x_wconf 80' lang='lat' dir='ltr'>tale</span> <span class='ocrx_word' id='word_1_11' title='bbox 753 804 791 848; x_wconf 74' lang='lat' dir='ltr'>ter</span> <span class='ocrx_word' id='word_1_12' title='bbox 804 808 854 847; x_wconf 82' lang='lat' dir='ltr'>aar.</span> <span class='ocrx_word' id='word_1_13' title='bbox 867 799 913 850; x_wconf 63' lang='lat' dir='ltr'>Se.</span> 
     </span>
    </p>
   </div>
   <div class='ocr_carea' id='block_1_3' title="bbox 195 996 1131 1057">
    <p class='ocr_par' dir='ltr' id='par_1_3' title="bbox 195 996 1131 1057">
     <span class='ocr_line' id='line_1_5' title="bbox 195 996 1131 1057; baseline -0.001 -10"><span class='ocrx_word' id='word_1_14' title='bbox 195 1000 247 1047; x_wconf 72' lang='lat' dir='ltr'>ital</span> <span class='ocrx_word' id='word_1_15' title='bbox 260 999 440 1052; x_wconf 64' lang='lat' dir='ltr'>uueltateel</span> <span class='ocrx_word' id='word_1_16' title='bbox 452 998 611 1055; x_wconf 62' lang='lat' dir='ltr'>annotantes</span> <span class='ocrx_word' id='word_1_17' title='bbox 624 1003 771 1057; x_wconf 63' lang='lat' dir='ltr'>&amp;anniane</span> <span class='ocrx_word' id='word_1_18' title='bbox 784 1002 802 1049; x_wconf 83' lang='lat' dir='ltr'>t.</span> <span class='ocrx_word' id='word_1_19' title='bbox 815 1002 861 1052; x_wconf 71' lang='lat' dir='ltr'>itt</span> <span class='ocrx_word' id='word_1_20' title='bbox 875 1001 916 1053; x_wconf 76' lang='lat' dir='ltr'>ltu</span> <span class='ocrx_word' id='word_1_21' title='bbox 929 996 1075 1057; x_wconf 65' lang='lat' dir='ltr'>&amp;ditati</span> <span class='ocrx_word' id='word_1_22' title='bbox 1089 997 1131 1046; x_wconf 73' lang='lat' dir='ltr'>ln</span> 
     </span>
    </p>
   </div>
   <div class='ocr_carea' id='block_1_4' title="bbox 137 1110 1182 1368">
    <p class='ocr_par' dir='ltr' id='par_1_4' title="bbox 137 1110 1182 1368">
     <span class='ocr_line' id='line_1_6' title="bbox 137 1110 1182 1188; baseline -0.005 -18"><span class='ocrx_word' id='word_1_23' title='bbox 137 1113 326 1170; x_wconf 82' lang='lat' dir='ltr'>Clarissimo</span> <span class='ocrx_word' id='word_1_24' title='bbox 340 1117 375 1169; x_wconf 91' lang='lat' dir='ltr'><em>V</em></span> <span class='ocrx_word' id='word_1_25' title='bbox 372 1117 434 1186; x_wconf 83' lang='lat' dir='ltr'>iro,</span> <span class='ocrx_word' id='word_1_26' title='bbox 445 1116 586 1173; x_wconf 84' lang='lat' dir='ltr'>Domino</span> <span class='ocrx_word' id='word_1_27' title='bbox 598 1120 692 1174; x_wconf 65' lang='lat' dir='ltr'>lauto</span> <span class='ocrx_word' id='word_1_28' title='bbox 703 1119 817 1185; x_wconf 70' lang='lat' dir='ltr'>donae,</span> <span class='ocrx_word' id='word_1_29' title='bbox 837 1113 1033 1188; x_wconf 75' lang='lat' dir='ltr'>Theoloqiae</span> <span class='ocrx_word' id='word_1_30' title='bbox 1044 1110 1182 1178; x_wconf 79' lang='lat' dir='ltr'>Ductori,</span> 
     </span>
     <span class='ocr_line' id='line_1_7' title="bbox 202 1199 1182 1282; baseline -0.003 -22"><span class='ocrx_word' id='word_1_31' title='bbox 202 1205 395 1276; x_wconf 79' lang='lat' dir='ltr'><em>Praeposito</em></span> <span class='ocrx_word' id='word_1_32' title='bbox 430 1207 479 1262; x_wconf 91' lang='lat' dir='ltr'><em>W</em></span> <span class='ocrx_word' id='word_1_33' title='bbox 476 1206 688 1282; x_wconf 79' lang='lat' dir='ltr'>itenberqensi</span> <span class='ocrx_word' id='word_1_34' title='bbox 695 1249 705 1277; x_wconf 93' lang='lat'>,</span> <span class='ocrx_word' id='word_1_35' title='bbox 733 1207 859 1281; x_wconf 78' lang='lat' dir='ltr'>Leqato</span> <span class='ocrx_word' id='word_1_36' title='bbox 889 1204 1014 1262; x_wconf 72' lang='lat' dir='ltr'>Christi</span> <span class='ocrx_word' id='word_1_37' title='bbox 1039 1199 1182 1260; x_wconf 65' lang='lat' dir='ltr'>Haliartii</span> 
     </span>
     <span class='ocr_line' id='line_1_8' title="bbox 193 1296 853 1368; baseline 0.005 -18"><span class='ocrx_word' id='word_1_38' title='bbox 193 1296 406 1365; x_wconf 84' lang='lat' dir='ltr'>fidelissimo,</span> <span class='ocrx_word' id='word_1_39' title='bbox 424 1314 482 1353; x_wconf 83' lang='lat' dir='ltr'>suo</span> <span class='ocrx_word' id='word_1_40' title='bbox 499 1298 535 1353; x_wconf 80' lang='lat' dir='ltr'>in</span> <span class='ocrx_word' id='word_1_41' title='bbox 551 1298 693 1355; x_wconf 76' lang='lat' dir='ltr'>Doma&#39;m</span> <span class='ocrx_word' id='word_1_42' title='bbox 710 1296 853 1368; x_wconf 72' lang='lat' dir='ltr'>quori.</span> 
     </span>
    </p>
   </div>
   <div class='ocr_carea' id='block_1_5' title="bbox 129 1404 1194 3937">
    <p class='ocr_par' dir='ltr' id='par_1_5' title="bbox 129 1404 1187 1863">
     <span class='ocr_line' id='line_1_9' title="bbox 129 1404 1185 1526; baseline -0.001 -22"><span class='ocrx_word' id='word_1_43' title='bbox 129 1404 282 1515; x_wconf 71' lang='lat' dir='ltr'>‚Gratiam</span> <span class='ocrx_word' id='word_1_44' title='bbox 308 1463 335 1506; x_wconf 87' lang='lat' dir='ltr'>et</span> <span class='ocrx_word' id='word_1_45' title='bbox 353 1469 468 1523; x_wconf 85' lang='lat' dir='ltr'>pacem.</span> <span class='ocrx_word' id='word_1_46' title='bbox 501 1454 614 1526; x_wconf 81' lang='lat' dir='ltr'>Accepi</span> <span class='ocrx_word' id='word_1_47' title='bbox 640 1455 715 1510; x_wconf 86' lang='lat' dir='ltr'>duos</span> <span class='ocrx_word' id='word_1_48' title='bbox 740 1467 863 1509; x_wconf 76' lang='lat' dir='ltr'>anseres</span> <span class='ocrx_word' id='word_1_49' title='bbox 883 1448 1087 1519; x_wconf 83' lang='lat' dir='ltr'>Martinicoa,</span> <span class='ocrx_word' id='word_1_50' title='bbox 1101 1450 1127 1517; x_wconf 89' lang='lat'>¹)</span> <span class='ocrx_word' id='word_1_51' title='bbox 1149 1446 1185 1503; x_wconf 84' lang='lat' dir='ltr'>mi</span> 
     </span>
     <span class='ocr_line' id='line_1_10' title="bbox 135 1538 1187 1615; baseline -0.002 -20"><span class='ocrx_word' id='word_1_52' title='bbox 135 1538 233 1606; x_wconf 85' lang='lat' dir='ltr'>Jona,</span> <span class='ocrx_word' id='word_1_53' title='bbox 259 1545 454 1615; x_wconf 72' lang='lat' dir='ltr'><strong>praepingues</strong></span> <span class='ocrx_word' id='word_1_54' title='bbox 481 1553 510 1597; x_wconf 90' lang='lat' dir='ltr'>et</span> <span class='ocrx_word' id='word_1_55' title='bbox 534 1544 711 1615; x_wconf 73' lang='lat' dir='ltr'>perpingues</span> <span class='ocrx_word' id='word_1_56' title='bbox 736 1552 768 1598; x_wconf 91' lang='lat' dir='ltr'>et</span> <span class='ocrx_word' id='word_1_57' title='bbox 783 1543 1013 1615; x_wconf 76' lang='lat' dir='ltr'>pinguissimos,</span> <span class='ocrx_word' id='word_1_58' title='bbox 1037 1551 1068 1597; x_wconf 87' lang='lat' dir='ltr'>et</span> <span class='ocrx_word' id='word_1_59' title='bbox 1087 1538 1187 1611; x_wconf 76' lang='lat' dir='ltr'>gratias</span> 
     </span>
     <span class='ocr_line' id='line_1_11' title="bbox 135 1628 1187 1705; baseline 0 -20"><span class='ocrx_word' id='word_1_60' title='bbox 135 1632 257 1699; x_wconf 78' lang='lat' dir='ltr'>ugitnua.</span> <span class='ocrx_word' id='word_1_61' title='bbox 300 1632 355 1686; x_wconf 84' lang='lat' dir='ltr'>Sed</span> <span class='ocrx_word' id='word_1_62' title='bbox 380 1634 449 1703; x_wconf 89' lang='lat' dir='ltr'>quid</span> <span class='ocrx_word' id='word_1_63' title='bbox 473 1645 536 1701; x_wconf 85' lang='lat' dir='ltr'>est,</span> <span class='ocrx_word' id='word_1_64' title='bbox 563 1635 643 1705; x_wconf 91' lang='lat' dir='ltr'>quod</span> <span class='ocrx_word' id='word_1_65' title='bbox 667 1646 700 1689; x_wconf 90' lang='lat' dir='ltr'>tu</span> <span class='ocrx_word' id='word_1_66' title='bbox 722 1633 759 1688; x_wconf 84' lang='lat' dir='ltr'>ita</span> <span class='ocrx_word' id='word_1_67' title='bbox 780 1633 936 1698; x_wconf 78' lang='lat' dir='ltr'>abundas?</span> <span class='ocrx_word' id='word_1_68' title='bbox 976 1635 1028 1687; x_wconf 81' lang='lat' dir='ltr'>Aa</span> <span class='ocrx_word' id='word_1_69' title='bbox 1053 1628 1187 1687; x_wconf 79' lang='lat' dir='ltr'>convivit</span> 
     </span>
     <span class='ocr_line' id='line_1_12' title="bbox 135 1716 1187 1792; baseline -0.003 -17"><span class='ocrx_word' id='word_1_70' title='bbox 135 1719 321 1790; x_wconf 74' lang='lat' dir='ltr'>Aethiopum</span> <span class='ocrx_word' id='word_1_71' title='bbox 346 1721 430 1779; x_wconf 86' lang='lat' dir='ltr'>llalle</span> <span class='ocrx_word' id='word_1_72' title='bbox 455 1722 586 1792; x_wconf 84' lang='lat' dir='ltr'>habetis,</span> <span class='ocrx_word' id='word_1_73' title='bbox 617 1733 667 1778; x_wconf 83' lang='lat' dir='ltr'>aut</span> <span class='ocrx_word' id='word_1_74' title='bbox 690 1738 808 1780; x_wconf 76' lang='lat' dir='ltr'>mensas</span> <span class='ocrx_word' id='word_1_75' title='bbox 835 1721 933 1778; x_wconf 82' lang='lat' dir='ltr'>solia?</span> <span class='ocrx_word' id='word_1_76' title='bbox 972 1719 1033 1776; x_wconf 76' lang='lat' dir='ltr'>Set</span> <span class='ocrx_word' id='word_1_77' title='bbox 1059 1720 1131 1775; x_wconf 77' lang='lat' dir='ltr'>alias</span> <span class='ocrx_word' id='word_1_78' title='bbox 1152 1716 1187 1773; x_wconf 78' lang='lat' dir='ltr'>de</span> 
     </span>
     <span class='ocr_line' id='line_1_13' title="bbox 135 1807 210 1863; baseline -0.04 0"><span class='ocrx_word' id='word_1_79' title='bbox 135 1807 210 1863; x_wconf 77' lang='lat' dir='ltr'>istie.</span> 
     </span>
    </p>

    <p class='ocr_par' dir='ltr' id='par_1_6' title="bbox 136 1888 1194 3860">
     <span class='ocr_line' id='line_1_14' title="bbox 203 1888 1190 1974; baseline 0.003 -23"><span class='ocrx_word' id='word_1_80' title='bbox 203 1898 296 1974; x_wconf 79' lang='lat' dir='ltr'>Quod</span> <span class='ocrx_word' id='word_1_81' title='bbox 320 1899 395 1970; x_wconf 86' lang='lat' dir='ltr'>petis</span> <span class='ocrx_word' id='word_1_82' title='bbox 420 1901 456 1953; x_wconf 90' lang='lat' dir='ltr'>de</span> <span class='ocrx_word' id='word_1_83' title='bbox 481 1888 609 1968; x_wconf 74' lang='lat' dir='ltr'>Tuscia,</span> <span class='ocrx_word' id='word_1_84' title='bbox 635 1899 708 1955; x_wconf 84' lang='lat' dir='ltr'><strong>nihil</strong></span> <span class='ocrx_word' id='word_1_85' title='bbox 732 1900 838 1955; x_wconf 86' lang='lat' dir='ltr'>habeo.</span> <span class='ocrx_word' id='word_1_86' title='bbox 880 1899 988 1969; x_wconf 72' lang='lat' dir='ltr'>Inpene&#39;</span> <span class='ocrx_word' id='word_1_87' title='bbox 1014 1899 1072 1956; x_wconf 81' lang='lat' dir='ltr'>ruit</span> <span class='ocrx_word' id='word_1_88' title='bbox 1095 1899 1190 1966; x_wconf 80' lang='lat' dir='ltr'>iamt,</span> 
     </span>
     <span class='ocr_line' id='line_1_15' title="bbox 137 1986 1186 2060; baseline -0.001 -18"><span class='ocrx_word' id='word_1_89' title='bbox 137 1986 293 2044; x_wconf 75' lang='lat' dir='ltr'>Caesarem</span> <span class='ocrx_word' id='word_1_90' title='bbox 312 1988 451 2042; x_wconf 84' lang='lat' dir='ltr'>Carolum</span> <span class='ocrx_word' id='word_1_91' title='bbox 477 1989 505 2043; x_wconf 91' lang='lat' dir='ltr'>in</span> <span class='ocrx_word' id='word_1_92' title='bbox 530 1990 616 2044; x_wconf 89' lang='lat' dir='ltr'>litore</span> <span class='ocrx_word' id='word_1_93' title='bbox 638 1990 779 2045; x_wconf 78' lang='lat' dir='ltr'>Africano</span> <span class='ocrx_word' id='word_1_94' title='bbox 806 2000 942 2060; x_wconf 86' lang='lat' dir='ltr'>portum,</span> <span class='ocrx_word' id='word_1_95' title='bbox 967 1989 1057 2058; x_wconf 85' lang='lat' dir='ltr'>eujus</span> <span class='ocrx_word' id='word_1_96' title='bbox 1081 2002 1186 2043; x_wconf 75' lang='lat' dir='ltr'>nonen</span> 
     </span>
     <span class='ocr_line' id='line_1_16' title="bbox 137 2077 1186 2151; baseline 0 -20"><span class='ocrx_word' id='word_1_97' title='bbox 137 2077 260 2148; x_wconf 77' lang='lat' dir='ltr'>Species</span> <span class='ocrx_word' id='word_1_98' title='bbox 278 2090 343 2143; x_wconf 82' lang='lat' dir='ltr'>est,</span> <span class='ocrx_word' id='word_1_99' title='bbox 360 2078 525 2134; x_wconf 86' lang='lat' dir='ltr'>obtinuisse</span> <span class='ocrx_word' id='word_1_100' title='bbox 542 2081 570 2134; x_wconf 88' lang='lat' dir='ltr'>vi</span> <span class='ocrx_word' id='word_1_101' title='bbox 583 2094 686 2137; x_wconf 83' lang='lat' dir='ltr'>contra</span> <span class='ocrx_word' id='word_1_102' title='bbox 698 2080 910 2136; x_wconf 81' lang='lat' dir='ltr'>Barbaroasam</span> <span class='ocrx_word' id='word_1_103' title='bbox 921 2078 1043 2135; x_wconf 72' lang='lat' dir='ltr'>Tuscae</span> <span class='ocrx_word' id='word_1_104' title='bbox 1060 2077 1186 2151; x_wconf 78' lang='lat' dir='ltr'>pintan.</span> 
     </span>
     <span class='ocr_line' id='line_1_17' title="bbox 136 2166 1193 2238; baseline 0.004 -15"><span class='ocrx_word' id='word_1_105' title='bbox 136 2166 202 2223; x_wconf 77' lang='lat' dir='ltr'>Alia</span> <span class='ocrx_word' id='word_1_106' title='bbox 220 2183 293 2223; x_wconf 89' lang='lat' dir='ltr'>mox</span> <span class='ocrx_word' id='word_1_107' title='bbox 310 2170 385 2223; x_wconf 81' lang='lat' dir='ltr'>santa</span> <span class='ocrx_word' id='word_1_108' title='bbox 403 2182 505 2223; x_wconf 86' lang='lat' dir='ltr'>secuta</span> <span class='ocrx_word' id='word_1_109' title='bbox 523 2183 569 2224; x_wconf 90' lang='lat' dir='ltr'>est</span> <span class='ocrx_word' id='word_1_110' title='bbox 585 2171 701 2238; x_wconf 90' lang='lat' dir='ltr'>(metuo</span> <span class='ocrx_word' id='word_1_111' title='bbox 711 2208 721 2236; x_wconf 93' lang='lat'>,</span> <span class='ocrx_word' id='word_1_112' title='bbox 737 2170 851 2226; x_wconf 77' lang='lat' dir='ltr'>certior</span> <span class='ocrx_word' id='word_1_113' title='bbox 866 2171 937 2236; x_wconf 84' lang='lat' dir='ltr'>sit),</span> <span class='ocrx_word' id='word_1_114' title='bbox 956 2172 1109 2225; x_wconf 80' lang='lat' dir='ltr'>Andream</span> <span class='ocrx_word' id='word_1_115' title='bbox 1123 2168 1193 2227; x_wconf 78' lang='lat' dir='ltr'>Du·-</span> 
     </span>
     <span class='ocr_line' id='line_1_18' title="bbox 136 2255 1186 2327; baseline -0.001 -15"><span class='ocrx_word' id='word_1_116' title='bbox 136 2255 211 2312; x_wconf 84' lang='lat' dir='ltr'>riam</span> <span class='ocrx_word' id='word_1_117' title='bbox 230 2256 363 2312; x_wconf 82' lang='lat' dir='ltr'>amisisse</span> <span class='ocrx_word' id='word_1_118' title='bbox 380 2258 542 2317; x_wconf 82' lang='lat' dir='ltr'>exercitum</span> <span class='ocrx_word' id='word_1_119' title='bbox 561 2259 711 2327; x_wconf 78' lang='lat' dir='ltr'>Caesaris,</span> <span class='ocrx_word' id='word_1_120' title='bbox 737 2259 765 2314; x_wconf 87' lang='lat' dir='ltr'>vi</span> <span class='ocrx_word' id='word_1_121' title='bbox 785 2258 993 2315; x_wconf 83' lang='lat' dir='ltr'>Barbarossae.</span> <span class='ocrx_word' id='word_1_122' title='bbox 1026 2258 1117 2315; x_wconf 82' lang='lat' dir='ltr'>Deus</span> <span class='ocrx_word' id='word_1_123' title='bbox 1138 2273 1186 2311; x_wconf 85' lang='lat' dir='ltr'>uo.</span> 
     </span>
     <span class='ocr_line' id='line_1_19' title="bbox 138 2347 1185 2422; baseline 0.003 -20"><span class='ocrx_word' id='word_1_124' title='bbox 138 2347 192 2402; x_wconf 86' lang='lat' dir='ltr'>stri</span> <span class='ocrx_word' id='word_1_125' title='bbox 219 2349 401 2404; x_wconf 83' lang='lat' dir='ltr'>misereatur.</span> <span class='ocrx_word' id='word_1_126' title='bbox 435 2348 502 2417; x_wconf 71' lang='lat' dir='ltr'>Ego</span> <span class='ocrx_word' id='word_1_127' title='bbox 529 2351 643 2415; x_wconf 81' lang='lat' dir='ltr'>omnia,</span> <span class='ocrx_word' id='word_1_128' title='bbox 671 2365 746 2422; x_wconf 88' lang='lat' dir='ltr'>quae</span> <span class='ocrx_word' id='word_1_129' title='bbox 774 2361 898 2420; x_wconf 82' lang='lat' dir='ltr'>aguntur</span> <span class='ocrx_word' id='word_1_130' title='bbox 920 2361 1022 2404; x_wconf 84' lang='lat' dir='ltr'>contra</span> <span class='ocrx_word' id='word_1_131' title='bbox 1045 2350 1185 2415; x_wconf 82' lang='lat' dir='ltr'>Tuream,</span> 
     </span>
     <span class='ocr_line' id='line_1_20' title="bbox 137 2437 1186 2509; baseline 0.001 -16"><span class='ocrx_word' id='word_1_132' title='bbox 137 2437 218 2493; x_wconf 86' lang='lat' dir='ltr'>irrita</span> <span class='ocrx_word' id='word_1_133' title='bbox 236 2439 301 2492; x_wconf 84' lang='lat' dir='ltr'>iore</span> <span class='ocrx_word' id='word_1_134' title='bbox 319 2439 428 2506; x_wconf 82' lang='lat' dir='ltr'>titneo,</span> <span class='ocrx_word' id='word_1_135' title='bbox 451 2439 547 2498; x_wconf 86' lang='lat' dir='ltr'>donec</span> <span class='ocrx_word' id='word_1_136' title='bbox 565 2440 638 2494; x_wconf 85' lang='lat' dir='ltr'>intra</span> <span class='ocrx_word' id='word_1_137' title='bbox 656 2458 710 2494; x_wconf 81' lang='lat' dir='ltr'>taos</span> <span class='ocrx_word' id='word_1_138' title='bbox 729 2454 818 2509; x_wconf 79' lang='lat' dir='ltr'>reges</span> <span class='ocrx_word' id='word_1_139' title='bbox 839 2440 905 2494; x_wconf 89' lang='lat' dir='ltr'>illos</span> <span class='ocrx_word' id='word_1_140' title='bbox 923 2440 1044 2497; x_wconf 85' lang='lat' dir='ltr'>Turcas</span> <span class='ocrx_word' id='word_1_141' title='bbox 1062 2442 1144 2497; x_wconf 80' lang='lat' dir='ltr'>ieros</span> <span class='ocrx_word' id='word_1_142' title='bbox 1157 2446 1186 2494; x_wconf 82' lang='lat' dir='ltr'>et</span> 
     </span>
     <span class='ocr_line' id='line_1_21' title="bbox 136 2529 1184 2603; baseline 0.004 -22"><span class='ocrx_word' id='word_1_143' title='bbox 136 2544 229 2582; x_wconf 83' lang='lat' dir='ltr'>veros</span> <span class='ocrx_word' id='word_1_144' title='bbox 242 2529 414 2595; x_wconf 82' lang='lat' dir='ltr'>adoramus,</span> <span class='ocrx_word' id='word_1_145' title='bbox 432 2529 595 2597; x_wconf 85' lang='lat' dir='ltr'>avaritiam,</span> <span class='ocrx_word' id='word_1_146' title='bbox 614 2546 749 2597; x_wconf 83' lang='lat' dir='ltr'>usuram,</span> <span class='ocrx_word' id='word_1_147' title='bbox 767 2530 951 2603; x_wconf 89' lang='lat' dir='ltr'>superbiam,</span> <span class='ocrx_word' id='word_1_148' title='bbox 969 2530 1116 2587; x_wconf 85' lang='lat' dir='ltr'>licentiam</span> <span class='ocrx_word' id='word_1_149' title='bbox 1127 2544 1184 2585; x_wconf 81' lang='lat' dir='ltr'>see.</span> 
     </span>
     <span class='ocr_line' id='line_1_22' title="bbox 139 2617 1190 2692; baseline 0.002 -19"><span class='ocrx_word' id='word_1_150' title='bbox 139 2618 236 2673; x_wconf 89' lang='lat' dir='ltr'>lerum</span> <span class='ocrx_word' id='word_1_151' title='bbox 261 2617 449 2687; x_wconf 69' lang='lat' dir='ltr'>horribilem,</span> <span class='ocrx_word' id='word_1_152' title='bbox 478 2619 620 2674; x_wconf 80' lang='lat' dir='ltr'>nobilium</span> <span class='ocrx_word' id='word_1_153' title='bbox 643 2619 768 2690; x_wconf 89' lang='lat' dir='ltr'>nipblim</span> <span class='ocrx_word' id='word_1_154' title='bbox 799 2619 999 2691; x_wconf 75' lang='lat' dir='ltr'>tyrannidem,</span> <span class='ocrx_word' id='word_1_155' title='bbox 1027 2620 1190 2692; x_wconf 66' lang='lat' dir='ltr'>perfidiam</span> 
     </span>
     <span class='ocr_line' id='line_1_23' title="bbox 141 2707 1187 2779; baseline -0.001 -15"><span class='ocrx_word' id='word_1_156' title='bbox 141 2707 299 2774; x_wconf 79' lang='lat' dir='ltr'>malitiam,</span> <span class='ocrx_word' id='word_1_157' title='bbox 317 2708 420 2765; x_wconf 88' lang='lat' dir='ltr'>deinde</span> <span class='ocrx_word' id='word_1_158' title='bbox 439 2718 622 2764; x_wconf 84' lang='lat' dir='ltr'>contemtum</span> <span class='ocrx_word' id='word_1_159' title='bbox 645 2708 729 2769; x_wconf 80' lang='lat' dir='ltr'>verbi</span> <span class='ocrx_word' id='word_1_160' title='bbox 747 2709 832 2779; x_wconf 88' lang='lat' dir='ltr'>plane</span> <span class='ocrx_word' id='word_1_161' title='bbox 848 2708 1027 2775; x_wconf 86' lang='lat' dir='ltr'>satanicum,</span> <span class='ocrx_word' id='word_1_162' title='bbox 1056 2722 1087 2765; x_wconf 91' lang='lat' dir='ltr'>et</span> <span class='ocrx_word' id='word_1_163' title='bbox 1101 2711 1187 2779; x_wconf 69' lang='lat' dir='ltr'>ingen.</span> 
     </span>
     <span class='ocr_line' id='line_1_24' title="bbox 140 2797 1187 2875; baseline 0.002 -24"><span class='ocrx_word' id='word_1_164' title='bbox 140 2797 313 2865; x_wconf 82' lang='lat' dir='ltr'>titudinem,</span> <span class='ocrx_word' id='word_1_165' title='bbox 337 2809 364 2851; x_wconf 90' lang='lat' dir='ltr'>et</span> <span class='ocrx_word' id='word_1_166' title='bbox 382 2798 547 2854; x_wconf 81' lang='lat' dir='ltr'>irrisionem</span> <span class='ocrx_word' id='word_1_167' title='bbox 565 2799 712 2867; x_wconf 76' lang='lat' dir='ltr'>sanguinis</span> <span class='ocrx_word' id='word_1_168' title='bbox 738 2798 817 2855; x_wconf 90' lang='lat' dir='ltr'>illius</span> <span class='ocrx_word' id='word_1_169' title='bbox 834 2815 888 2872; x_wconf 86' lang='lat' dir='ltr'>pro</span> <span class='ocrx_word' id='word_1_170' title='bbox 904 2798 992 2854; x_wconf 82' lang='lat' dir='ltr'>nobie</span> <span class='ocrx_word' id='word_1_171' title='bbox 1010 2800 1080 2857; x_wconf 86' lang='lat' dir='ltr'>iusi.</span> <span class='ocrx_word' id='word_1_172' title='bbox 1113 2798 1187 2875; x_wconf 83' lang='lat' dir='ltr'>Quid</span> 
     </span>
     <span class='ocr_line' id='line_1_25' title="bbox 143 2887 1188 2958; baseline 0.004 -18"><span class='ocrx_word' id='word_1_173' title='bbox 143 2896 206 2951; x_wconf 87' lang='lat' dir='ltr'>est,</span> <span class='ocrx_word' id='word_1_174' title='bbox 232 2887 312 2958; x_wconf 90' lang='lat' dir='ltr'>quod</span> <span class='ocrx_word' id='word_1_175' title='bbox 330 2903 454 2943; x_wconf 79' lang='lat' dir='ltr'>cameos</span> <span class='ocrx_word' id='word_1_176' title='bbox 473 2898 501 2942; x_wconf 91' lang='lat' dir='ltr'>et</span> <span class='ocrx_word' id='word_1_177' title='bbox 517 2898 740 2944; x_wconf 84' lang='lat' dir='ltr'>momentaneos</span> <span class='ocrx_word' id='word_1_178' title='bbox 756 2888 781 2952; x_wconf 84' lang='lat'>²)</span> <span class='ocrx_word' id='word_1_179' title='bbox 806 2888 925 2944; x_wconf 80' lang='lat' dir='ltr'>Turcae</span> <span class='ocrx_word' id='word_1_180' title='bbox 946 2889 1066 2958; x_wconf 77' lang='lat' dir='ltr'>aggredi</span> <span class='ocrx_word' id='word_1_181' title='bbox 1082 2901 1132 2945; x_wconf 82' lang='lat' dir='ltr'>aut</span> <span class='ocrx_word' id='word_1_182' title='bbox 1146 2906 1188 2944; x_wconf 82' lang='lat' dir='ltr'>re-</span> 
     </span>
     <span class='ocr_line' id='line_1_26' title="bbox 143 2976 1187 3050; baseline 0.004 -20"><span class='ocrx_word' id='word_1_183' title='bbox 143 2978 255 3050; x_wconf 82' lang='lat' dir='ltr'>pellere</span> <span class='ocrx_word' id='word_1_184' title='bbox 280 2993 442 3043; x_wconf 77' lang='lat' dir='ltr'>cusamur,</span> <span class='ocrx_word' id='word_1_185' title='bbox 475 2977 544 3030; x_wconf 80' lang='lat' dir='ltr'>alum</span> <span class='ocrx_word' id='word_1_186' title='bbox 573 2976 643 3031; x_wconf 77' lang='lat' dir='ltr'>istos</span> <span class='ocrx_word' id='word_1_187' title='bbox 667 2978 834 3048; x_wconf 82' lang='lat' dir='ltr'>spirituales</span> <span class='ocrx_word' id='word_1_188' title='bbox 862 2989 893 3035; x_wconf 90' lang='lat' dir='ltr'>et</span> <span class='ocrx_word' id='word_1_189' title='bbox 919 2991 1055 3036; x_wconf 85' lang='lat' dir='ltr'>aeternos</span> <span class='ocrx_word' id='word_1_190' title='bbox 1079 2981 1187 3036; x_wconf 82' lang='lat' dir='ltr'>Turett</span> 
     </span>
     <span class='ocr_line' id='line_1_27' title="bbox 146 3065 1190 3143; baseline 0.005 -24"><span class='ocrx_word' id='word_1_191' title='bbox 146 3069 237 3137; x_wconf 89' lang='lat' dir='ltr'>(quos</span> <span class='ocrx_word' id='word_1_192' title='bbox 250 3065 323 3130; x_wconf 83' lang='lat' dir='ltr'>dixi)</span> <span class='ocrx_word' id='word_1_193' title='bbox 342 3066 414 3128; x_wconf 76' lang='lat' dir='ltr'>intra</span> <span class='ocrx_word' id='word_1_194' title='bbox 428 3075 548 3136; x_wconf 84' lang='lat' dir='ltr'>penates</span> <span class='ocrx_word' id='word_1_195' title='bbox 567 3065 691 3124; x_wconf 86' lang='lat' dir='ltr'>colimus</span> <span class='ocrx_word' id='word_1_196' title='bbox 709 3077 738 3120; x_wconf 87' lang='lat' dir='ltr'>et</span> <span class='ocrx_word' id='word_1_197' title='bbox 754 3067 930 3125; x_wconf 74' lang='lat' dir='ltr'>adoramus?</span> <span class='ocrx_word' id='word_1_198' title='bbox 963 3067 1084 3143; x_wconf 79' lang='lat' dir='ltr'>Quibus</span> <span class='ocrx_word' id='word_1_199' title='bbox 1100 3070 1190 3125; x_wconf 69' lang='lat' dir='ltr'>iurem</span> 
     </span>
     <span class='ocr_line' id='line_1_28' title="bbox 145 3154 1191 3229; baseline 0.004 -22"><span class='ocrx_word' id='word_1_200' title='bbox 145 3154 226 3211; x_wconf 82' lang='lat' dir='ltr'>tibus</span> <span class='ocrx_word' id='word_1_201' title='bbox 245 3154 404 3211; x_wconf 85' lang='lat' dir='ltr'>Germania</span> <span class='ocrx_word' id='word_1_202' title='bbox 417 3154 480 3223; x_wconf 85' lang='lat' dir='ltr'>jam</span> <span class='ocrx_word' id='word_1_203' title='bbox 498 3154 608 3213; x_wconf 86' lang='lat' dir='ltr'>dudum</span> <span class='ocrx_word' id='word_1_204' title='bbox 624 3154 735 3209; x_wconf 86' lang='lat' dir='ltr'>vastior</span> <span class='ocrx_word' id='word_1_205' title='bbox 751 3172 850 3213; x_wconf 86' lang='lat' dir='ltr'>coram</span> <span class='ocrx_word' id='word_1_206' title='bbox 869 3156 939 3211; x_wconf 88' lang='lat' dir='ltr'>Deo</span> <span class='ocrx_word' id='word_1_207' title='bbox 958 3168 1021 3223; x_wconf 86' lang='lat' dir='ltr'>est,</span> <span class='ocrx_word' id='word_1_208' title='bbox 1037 3174 1127 3229; x_wconf 88' lang='lat' dir='ltr'>quam</span> <span class='ocrx_word' id='word_1_209' title='bbox 1144 3171 1191 3229; x_wconf 86' lang='lat' dir='ltr'>per</span> 
     </span>
     <span class='ocr_line' id='line_1_29' title="bbox 144 3243 1191 3320; baseline -0.001 -19"><span class='ocrx_word' id='word_1_210' title='bbox 144 3245 279 3301; x_wconf 80' lang='lat' dir='ltr'>&#39;l&#39;urcam</span> <span class='ocrx_word' id='word_1_211' title='bbox 303 3245 410 3300; x_wconf 84' lang='lat' dir='ltr'>vastari</span> <span class='ocrx_word' id='word_1_212' title='bbox 434 3245 550 3317; x_wconf 83' lang='lat' dir='ltr'>possit,</span> <span class='ocrx_word' id='word_1_213' title='bbox 570 3245 647 3302; x_wconf 77' lang='lat' dir='ltr'>sicut</span> <span class='ocrx_word' id='word_1_214' title='bbox 671 3245 741 3311; x_wconf 90' lang='lat' dir='ltr'>dicit</span> <span class='ocrx_word' id='word_1_215' title='bbox 758 3243 871 3305; x_wconf 82' lang='lat' dir='ltr'>Genea.</span> <span class='ocrx_word' id='word_1_216' title='bbox 888 3246 956 3305; x_wconf 71' lang='lat' dir='ltr'>vl:</span> <span class='ocrx_word' id='word_1_217' title='bbox 982 3248 1126 3320; x_wconf 80' lang='lat' dir='ltr'>Corrupta</span> <span class='ocrx_word' id='word_1_218' title='bbox 1151 3256 1191 3302; x_wconf 88' lang='lat' dir='ltr'>est</span> 
     </span>
     <span class='ocr_line' id='line_1_30' title="bbox 145 3335 1192 3405; baseline 0 -14"><span class='ocrx_word' id='word_1_219' title='bbox 145 3345 242 3403; x_wconf 80' lang='lat' dir='ltr'>terra,</span> <span class='ocrx_word' id='word_1_220' title='bbox 273 3351 341 3391; x_wconf 91' lang='lat' dir='ltr'>eum</span> <span class='ocrx_word' id='word_1_221' title='bbox 372 3347 442 3389; x_wconf 91' lang='lat' dir='ltr'>tunc</span> <span class='ocrx_word' id='word_1_222' title='bbox 465 3335 584 3392; x_wconf 85' lang='lat' dir='ltr'>floreret</span> <span class='ocrx_word' id='word_1_223' title='bbox 607 3337 756 3403; x_wconf 82' lang='lat' dir='ltr'>maxime,</span> <span class='ocrx_word' id='word_1_224' title='bbox 787 3337 935 3405; x_wconf 77' lang='lat' dir='ltr'>tyrannide</span> <span class='ocrx_word' id='word_1_225' title='bbox 966 3337 1097 3395; x_wconf 87' lang='lat' dir='ltr'>tiliorum</span> <span class='ocrx_word' id='word_1_226' title='bbox 1121 3339 1192 3405; x_wconf 85' lang='lat' dir='ltr'>Dei,</span> 
     </span>
     <span class='ocr_line' id='line_1_31' title="bbox 147 3423 1193 3496; baseline 0.001 -18"><span class='ocrx_word' id='word_1_227' title='bbox 147 3424 198 3496; x_wconf 86' lang='lat' dir='ltr'>qui</span> <span class='ocrx_word' id='word_1_228' title='bbox 216 3424 357 3484; x_wconf 76' lang='lat' dir='ltr'>iaciebant</span> <span class='ocrx_word' id='word_1_229' title='bbox 368 3439 587 3495; x_wconf 76' lang='lat' dir='ltr'>,quaecunque</span> <span class='ocrx_word' id='word_1_230' title='bbox 605 3423 753 3487; x_wconf 68' lang='lat' dir='ltr'>uolebant.</span> <span class='ocrx_word' id='word_1_231' title='bbox 788 3424 836 3482; x_wconf 84' lang='lat' dir='ltr'>Sic</span> <span class='ocrx_word' id='word_1_232' title='bbox 858 3438 888 3482; x_wconf 85' lang='lat' dir='ltr'>et</span> <span class='ocrx_word' id='word_1_233' title='bbox 903 3423 931 3492; x_wconf 82' lang='lat'>³)</span> <span class='ocrx_word' id='word_1_234' title='bbox 955 3427 1047 3483; x_wconf 87' lang='lat' dir='ltr'>modo</span> <span class='ocrx_word' id='word_1_235' title='bbox 1067 3428 1116 3494; x_wconf 80' lang='lat' dir='ltr'>tit,</span> <span class='ocrx_word' id='word_1_236' title='bbox 1133 3444 1193 3483; x_wconf 85' lang='lat' dir='ltr'>cor.</span> 
     </span>
     <span class='ocr_line' id='line_1_32' title="bbox 148 3510 1194 3595; baseline 0.005 -27"><span class='ocrx_word' id='word_1_237' title='bbox 148 3528 234 3587; x_wconf 86' lang='lat' dir='ltr'>rupta</span> <span class='ocrx_word' id='word_1_238' title='bbox 260 3528 306 3570; x_wconf 84' lang='lat' dir='ltr'>est</span> <span class='ocrx_word' id='word_1_239' title='bbox 330 3528 406 3568; x_wconf 81' lang='lat' dir='ltr'>terra</span> <span class='ocrx_word' id='word_1_240' title='bbox 432 3514 511 3568; x_wconf 85' lang='lat' dir='ltr'>vitiis</span> <span class='ocrx_word' id='word_1_241' title='bbox 537 3513 761 3580; x_wconf 75' lang='lat' dir='ltr'>insanabilibus,</span> <span class='ocrx_word' id='word_1_242' title='bbox 778 3517 1003 3588; x_wconf 75' lang='lat' dir='ltr'>,corrumpenda</span> <span class='ocrx_word' id='word_1_243' title='bbox 1028 3510 1194 3595; x_wconf 72' lang='lat' dir='ltr'>propediem</span> 
     </span>
     <span class='ocr_line' id='line_1_33' title="bbox 148 3604 1194 3678; baseline 0.004 -21"><span class='ocrx_word' id='word_1_244' title='bbox 148 3605 373 3672; x_wconf 77' lang='lat' dir='ltr'>conflagratione</span> <span class='ocrx_word' id='word_1_245' title='bbox 393 3604 571 3672; x_wconf 82' lang='lat' dir='ltr'>novissima,</span> <span class='ocrx_word' id='word_1_246' title='bbox 591 3608 696 3661; x_wconf 85' lang='lat' dir='ltr'>Amen.</span> <span class='ocrx_word' id='word_1_247' title='bbox 728 3604 811 3660; x_wconf 89' lang='lat' dir='ltr'>Nihil</span> <span class='ocrx_word' id='word_1_248' title='bbox 835 3607 985 3678; x_wconf 81' lang='lat' dir='ltr'>respondit</span> <span class='ocrx_word' id='word_1_249' title='bbox 1005 3607 1194 3664; x_wconf 78' lang='lat' dir='ltr'>ll&#39;oll&#39;llcina</span> 
     </span>
     <span class='ocr_line' id='line_1_34' title="bbox 150 3693 1194 3768; baseline 0.005 -20"><span class='ocrx_word' id='word_1_250' title='bbox 150 3695 186 3748; x_wconf 88' lang='lat' dir='ltr'>de</span> <span class='ocrx_word' id='word_1_251' title='bbox 211 3693 318 3762; x_wconf 86' lang='lat' dir='ltr'>biblia,</span> <span class='ocrx_word' id='word_1_252' title='bbox 343 3711 430 3766; x_wconf 85' lang='lat' dir='ltr'>quam</span> <span class='ocrx_word' id='word_1_253' title='bbox 454 3695 480 3748; x_wconf 88' lang='lat' dir='ltr'>ei</span> <span class='ocrx_word' id='word_1_254' title='bbox 506 3695 641 3749; x_wconf 83' lang='lat' dir='ltr'>donatam</span> <span class='ocrx_word' id='word_1_255' title='bbox 667 3695 742 3764; x_wconf 83' lang='lat' dir='ltr'>apud</span> <span class='ocrx_word' id='word_1_256' title='bbox 767 3712 814 3750; x_wconf 89' lang='lat' dir='ltr'>me</span> <span class='ocrx_word' id='word_1_257' title='bbox 838 3695 953 3764; x_wconf 87' lang='lat' dir='ltr'>habeo,</span> <span class='ocrx_word' id='word_1_258' title='bbox 978 3698 1056 3753; x_wconf 82' lang='lat' dir='ltr'>sieut</span> <span class='ocrx_word' id='word_1_259' title='bbox 1083 3698 1194 3768; x_wconf 80' lang='lat' dir='ltr'>scripsi.</span> 
     </span>
     <span class='ocr_line' id='line_1_35' title="bbox 149 3786 1193 3860; baseline 0.002 -20"><span class='ocrx_word' id='word_1_260' title='bbox 149 3787 287 3845; x_wconf 77' lang='lat' dir='ltr'>Admone</span> <span class='ocrx_word' id='word_1_261' title='bbox 305 3803 391 3854; x_wconf 89' lang='lat' dir='ltr'>eum,</span> <span class='ocrx_word' id='word_1_262' title='bbox 410 3799 441 3841; x_wconf 85' lang='lat' dir='ltr'>ut</span> <span class='ocrx_word' id='word_1_263' title='bbox 457 3788 643 3860; x_wconf 83' lang='lat' dir='ltr'>respoudeat.</span> <span class='ocrx_word' id='word_1_264' title='bbox 677 3786 757 3842; x_wconf 89' lang='lat' dir='ltr'>Vale.</span> <span class='ocrx_word' id='word_1_265' title='bbox 792 3787 876 3857; x_wconf 74' lang='lat' dir='ltr'>vigit.</span> <span class='ocrx_word' id='word_1_266' title='bbox 891 3788 1028 3856; x_wconf 84' lang='lat' dir='ltr'>Martini,</span> <span class='ocrx_word' id='word_1_267' title='bbox 1045 3788 1193 3847; x_wconf 75' lang='lat' dir='ltr'>MDXLl.</span> 
     </span>
    </p>

    <p class='ocr_par' dir='ltr' id='par_1_7' title="bbox 785 3874 1166 3937">
     <span class='ocr_line' id='line_1_36' title="bbox 785 3874 1166 3937; baseline 0.01 -6"><span class='ocrx_word' id='word_1_268' title='bbox 785 3874 824 3931; x_wconf 62' lang='lat' dir='ltr'>&#39;li</span> <span class='ocrx_word' id='word_1_269' title='bbox 841 3876 988 3935; x_wconf 81' lang='lat' dir='ltr'>Martinus</span> <span class='ocrx_word' id='word_1_270' title='bbox 1005 3879 1166 3937; x_wconf 72' lang='lat' dir='ltr'>Luthet&#39;ua.</span> 
     </span>
    </p>
   </div>
   <div class='ocr_carea' id='block_1_6' title="bbox 200 4048 971 4109">
    <p class='ocr_par' dir='ltr' id='par_1_8' title="bbox 200 4048 971 4109">
     <span class='ocr_line' id='line_1_37' title="bbox 200 4048 971 4109; baseline 0.003 -11"><span class='ocrx_word' id='word_1_271' title='bbox 200 4048 530 4102; x_wconf 75' lang='lat' dir='ltr'>linarii-Martialem.</span> <span class='ocrx_word' id='word_1_272' title='bbox 580 4050 785 4107; x_wconf 53' lang='lat' dir='ltr'>humililer.</span> <span class='ocrx_word' id='word_1_273' title='bbox 835 4052 971 4109; x_wconf 67' lang='lat' dir='ltr'>sternat</span> 
     </span>
    </p>
   </div>
   <div class='ocr_carea' id='block_1_7' title="bbox 0 0 1377 4724">
    <p class='ocr_par' dir='ltr' id='par_1_9' title="bbox 0 0 1377 4724">
     <span class='ocr_line' id='line_1_38' title="bbox 0 0 1377 4724; baseline 0 0"><span class='ocrx_word' id='word_1_274' title='bbox 0 0 1377 4724; x_wconf 95' lang='lat' dir='ltr'> </span> 
     </span>
    </p>
   </div>
  </div>
 </body>
</html>
