2616 4710
588 428 591 431 .
610 369 708 442 1557.
1150 377 1191 448 71

120 539 264 587 aostmm
280 541 350 585 casa
368 529 536 601 perlectum
554 537 585 585 ct
598 529 752 588 sincerum
766 532 796 588 in
808 548 863 606 ape
875 529 1068 592 concordiae.
1102 534 1191 592 Chri.

124 631 188 675 uus
205 617 341 693 perficiat
359 633 425 674 rem
446 618 559 692 ipsam,
586 622 695 676 Amen.
728 623 785 677 Sed
809 621 873 678 hoc
897 624 991 682 addo:
1017 624 1088 680 nihil
1112 625 1191 682 ultra

124 712 223 765 mittas
239 708 347 773 uxori,
371 724 411 762 ne
428 706 564 781 duplices
582 710 748 780 tristitiam,
769 713 837 785 quia
853 716 879 780 ¹)
898 712 1038 771 Christus
1056 725 1104 771 cst
1119 717 1189 773 satis

123 799 263 870 euinque
279 797 381 854 nobis.

187 896 286 950 Saluta
303 911 412 953 omnes
434 904 554 982 vestros
578 908 764 969 nostrosque
788 898 960 969 diligenter,
987 909 1017 956 at
1035 898 1110 970 jube
1133 917 1189 974 eos

124 985 161 1043 dc
177 985 267 1044 nobis
290 985 423 1061 cogitare
446 987 576 1059 optime,
601 989 681 1043 sicut
704 999 734 1043 et
759 1004 815 1043 uos
840 989 877 1043 de
899 987 1000 1044 vobis.
1033 989 1188 1046 Dominus

125 1075 219 1134 Jesus
235 1077 275 1131 sit
293 1075 421 1146 sigillum
444 1077 535 1147 hujus
559 1078 744 1143 voluntatis,¹
764 1077 813 1131 cui
835 1077 928 1147 gloria
951 1094 1022 1133 cum
1045 1077 1135 1134 Patre
1159 1088 1189 1134 et

127 1165 234 1238 Spiritu
251 1165 281 1222 s.
298 1165 328 1221 u
345 1174 517 1238 aeternum,
535 1168 643 1223 amen.
676 1170 702 1227 9.
718 1166 811 1234 sulii,
831 1150 1056 1222 unxxxvu.

754 1265 842 1321 Tuus
858 1263 1008 1321 Martinus
1023 1262 1153 1321 Luther.

157 1597 199 1656 17.
214 1595 355 1667 goliat.
814 1594 877 1654 ΝΟ.
892 1593 1152 1653 MDchxxtv.

452 1749 502 1819 tin
523 1744 664 1830 &tint
684 1745 860 1818 mittut.
933 1728 936 1734 ’

155 1900 273 1963 dimi
281 1903 320 1958 ilr
332 1905 375 1954 ten
388 1905 486 1965 §tener
498 1911 544 1954 ura
556 1904 714 1958 oriantur,
727 1906 778 1952 arn
791 1902 837 1953 nait
849 1900 973 1962 atratus
985 1901 1151 1957 torenton.

178 2101 1127 2206 numerantiumomaruniuurueaumeaunmas

423 2213 484 2269 tint.
497 2214 556 2260 cod.
571 2211 763 2264 esurierint.
776 2209 879 2274 (iuclplt,
908 2253 912 2261 r
937 2230 940 2234 ’

206 2342 426 2402 Omotissimo
444 2344 545 2415 Viro,
567 2344 612 2402 D.
628 2346 725 2402 Jusro
740 2344 874 2414 Manio,
894 2341 1116 2418 reumque

508 2435 705 2522 ¹Viritutori
721 2443 777 2491 etc.
866 2475 869 2481 ·

120 2532 177 2627 G·
200 2588 232 2636 ct
253 2597 359 2654 pacem
382 2580 414 2638 in
430 2581 563 2638 Christo.
597 2581 772 2638 visitatores
797 2580 872 2637 eatis
896 2589 929 2636 tu
959 2587 991 2635 ct
1013 2577 1181 2637 Pridericua

115 2669 310 2741 Myconius,
323 2673 366 2728 mi
382 2672 489 2741 aluere,
506 2672 655 2744 vobisque
671 2671 783 2727 credita
799 2672 848 2727 'est
864 2669 1013 2725 dioecesis
1029 2668 1184 2726 Ecclesia.

119 2776 190 2816 nam
206 2761 239 2817 in
255 2759 433 2833 Thuringia.
468 2762 571 2838 Quare
594 2778 611 2817 a
627 2761 715 2817 vobis
733 2761 842 2832 pendet
858 2759 1065 2816 testimonium
1082 2757 1183 2813 unius.

118 2850 269 2924 cujusque
287 2852 425 2910 Pastoris
443 2862 472 2907 et
488 2851 663 2929 Ecclesiae:
685 2852 797 2906 frustra
814 2849 894 2905 enim
910 2866 926 2905 a
941 2865 992 2904 me
1009 2848 1036 2903 id
1054 2834 1183 2922 petitur,

120 2943 173 3014 qui
191 2941 314 3000 istarum
332 2958 432 2997 rerum
450 2957 577 3012 prorsus
592 2957 659 2995 sam
677 2940 823 3010 ignarus..
843 2939 945 3017 Quare
964 2938 1000 2993 ad
1017 2947 1045 2993 tc
1062 2937 1182 2994 remitto

120 3030 186 3088 Dn.
203 3032 367 3106 caeparum
384 3030 516 3088 Glatium
534 3031 805 3086 Orlamundensem
816 3028 994 3095 Pastorem,
1012 3027 1062 3102 qui
1078 3029 1183 3099 acacio

121 3121 231 3193 quibus
248 3122 345 3179 causis
362 3122 438 3194 apud
456 3121 630 3192 Principem
646 3122 761 3176 delatus
778 3119 961 3193 periclitatur
979 3120 1015 3175 de
1032 3118 1182 3192 parochia.

120 3212 234 3270 Tristis
251 3223 282 3268 et
298 3228 422 3280 gemens
440 3227 489 3266 me
507 3210 638 3280 rogavit,
655 3211 681 3266 si
699 3210 771 3266 nihil
790 3209 888 3278 aliud,
910 3218 1009 3265 tamen
1027 3225 1182 3278 curarem,

121 3310 155 3357 nt
172 3301 322 3358 audiretur
339 3311 463 3356 tantum.
500 3299 535 3354 ld
553 3317 609 3370 ego
627 3300 669 3355 tui
687 3314 756 3355 esse
773 3298 860 3355 officii
878 3298 1019 3372 respondi
1037 3307 1068 3354 et
1085 3297 1184 3367 Pride.

122 3390 189 3447 rici.
224 3389 297 3447 ideo
309 3399 339 3444 te
357 3407 432 3457 oro,
452 3398 484 3444 ut
496 3389 628 3459 justitiae
641 3389 859 3458 causamjuves
867 3429 880 3458 ,
896 3399 925 3443 et
938 3405 994 3461 pro
1004 3399 1058 3443 tuo
1071 3385 1184 3455 officio,

121 3481 210 3553 quale
232 3477 345 3548 hahes,
374 3480 410 3535 de
436 3496 487 3549 ea,
516 3491 546 3535 et
574 3488 717 3551 quantum
744 3479 947 3541 testimonium
975 3488 1078 3550 potes,
1106 3479 1184 3553 apud

121 3571 296 3642 Principem
315 3571 461 3640 proferas.
496 3569 674 3624 sicutenim
691 3569 802 3634 nolim,
823 3585 892 3622 eurn
908 3569 1016 3639 injuste
1034 3554 1183 3638 damnari,

121 3663 163 3716 ita
179 3659 271 3718 velim
296 3659 363 3730 ejus
387 3646 525 3713 fiduciam
551 3659 696 3730 experiri,
720 3657 791 3729 quid
816 3657 952 3714 obtinere
977 3660 1085 3730 possit.
1120 3661 1182 3716 Scis

120 3751 234 3812 habere
250 3765 308 3806 nos
324 3748 498 3821 Principem
505 3789 517 3818 ,
544 3749 712 3820 qui-sciens
737 3760 765 3804 et
782 3749 913 3821 prudens
935 3750 1026 3806 verba
1044 3750 1098 3807 sibi
1121 3751 1183 3808 dari

122 3858 186 3898 non
204 3840 298 3901 leret..
323 3837 392 3909 Ego
410 3855 480 3897 sane
498 3836 671 3912 parochiam
688 3841 715 3894 ei
732 3856 793 3897 uon
818 3839 952 3909 invideo,
978 3856 1076 3914 neque
1094 3824 1182 3915 cupio

175 4061 198 4110 l)
213 4055 357 4109 ettaltlr
373 4046 421 4105 Ma.
433 4053 532 4102 llelmt
551 4053 650 4102 etenira.
