2730 4724
639 341 729 414 isla.
1147 342 1208 414 599
1275 382 1278 389 Δ

156 498 264 578 Quare
284 511 319 564 tu
342 511 455 561 contre·
471 501 553 562 lonis
577 511 660 577 esto,
684 512 714 560 et
735 510 894 560 contemne
910 501 1071 559 Diabolum
1096 501 1124 556 in
1145 501 1211 558 istis

154 591 283 673 diobolis
312 603 342 649 et
366 593 551 650 diabolorum
575 594 641 651 liliis
673 604 702 650 et
724 595 838 650 semine
862 594 1029 666 serpentia,
1059 592 1157 646 donec
1180 603 1210 647 te

156 681 287 753 ejiciant.
320 682 445 738 Domini
467 694 516 742 est
538 692 616 740 terra
640 695 668 740 et
684 684 836 756 plenitudo
859 674 944 754 ejus,
967 681 1154 738 hauddubie
1179 690 1212 739 et

154 771 280 827 Dresda
297 782 325 827 et
342 775 492 843 plenitudo
510 775 576 845 ejus
592 785 667 843 etc„
689 774 713 829 si
730 774 773 830 D.
791 769 890 834 ticdct
906 784 1074 846 praesumat
1088 771 1210 835 coelum

155 877 249 917 suum
266 877 334 919 ease
351 871 380 917 et
396 864 606 932 plenitudinem
624 864 705 934 ejus:
730 863 775 917 cui
799 863 932 919 internus
948 871 978 918 et
994 861 1125 932 angustis
1141 862 1209 932 ejus
1295 868 1298 873 '

157 961 258 1024 perata
275 952 361 1007 nimis
378 961 498 1021 ungusta
514 954 570 1008 erit
586 952 669 1008 brevi
686 964 754 1023 post
770 951 829 1008 hos
841 952 921 1020 dies,
937 953 1052 1018 Amen,
1070 950 1121 1005 ubi
1139 967 1210 1007 cum

156 1040 249 1097 Duce
266 1041 401 1111 Georgio
419 1052 558 1097 vescetur
573 1051 603 1098 et
618 1042 749 1115 potietur
762 1040 923 1097 canonibus
941 1041 1004 1097 suis
1021 1048 1052 1095 et
1067 1041 1210 1096 stercori.

155 1129 216 1186 bus
240 1130 376 1199 Satanae,
402 1130 481 1186 sieut
503 1131 609 1200 dignus
634 1139 691 1186 est.
723 1130 873 1188 Dominus
896 1129 990 1185 Jesus
1018 1128 1066 1194 (ut
1091 1129 1208 1203 coepit>

155 1220 290 1293 perficiat
313 1237 389 1294 opus
411 1237 498 1276 suum
523 1221 553 1275 iu
570 1220 673 1289 nobis,
699 1232 727 1276 et
745 1229 844 1293 pergat
865 1219 1037 1293 dispergere
1061 1220 1210 1289 superbos

155 1319 260 1367 mente
276 1310 375 1365 cordis
389 1309 450 1379 sui,
473 1311 581 1366 Amen.
614 1310 666 1364 Tu
683 1325 773 1377 cave,
796 1325 834 1365 ne
850 1309 892 1364 sis
910 1308 1003 1366 tristis
1021 1317 1068 1363 aut
1084 1307 1208 1365 humilis

157 1414 263 1454 coram
287 1399 349 1467 eis,
374 1398 427 1454 sed
450 1413 576 1454 securus
601 1406 632 1453 et
655 1398 749 1454 laetus
773 1415 826 1468 age
845 1412 966 1453 cauaam
983 1396 1107 1454 Christi.
1139 1396 1210 1472 Qua

157 1488 268 1543 laetitia
285 1487 438 1556 crucifiges
455 1503 509 1543 eos
527 1498 557 1542 et
574 1487 707 1542 Satsnam
725 1501 794 1542 eum
812 1487 879 1542 illia.
913 1487 983 1558 Ipse
1005 1486 1085 1544 enim
1101 1487 1210 1556 cogitat

154 1592 215 1632 nos
233 1577 362 1648 dejicere
387 1587 417 1632 et
432 1577 619 1633 contristare.
652 1577 710 1632 Sed
735 1591 791 1631 nos
809 1575 990 1632 Germanice
1009 1575 1208 1633 merdsbimus

157 1668 186 1723 ei
204 1668 234 1722 in
251 1683 287 1723 os
305 1682 403 1723 suum.
436 1667 529 1736 Velit,
551 1667 644 1733 nolit,
665 1674 787 1736 cogetur
803 1666 883 1722 lerre
900 1666 1144 1722 conculcatorem
1160 1682 1211 1722 ea.

155 1758 225 1829 pitis
250 1756 314 1824 sui,
338 1770 485 1827 utcunque
506 1755 640 1809 mordeat
664 1765 694 1810 et
716 1752 854 1810 dentibus
877 1753 1057 1813 terribilibus
1081 1758 1210 1811 minetur

155 1863 214 1903 nos
240 1862 356 1901 vorare.
391 1845 496 1901 semen
513 1846 643 1902 mulieris
663 1845 822 1900 nobiseum
846 1854 908 1913 est,
932 1860 1022 1915 quem
1044 1845 1189 1900 docemus
1197 1883 1208 1911 ,

155 1935 338 1990 confitemur
353 1944 383 1988 et
399 1949 521 2004 regnare
536 1936 686 2012 volumus.
718 1933 753 1989 In
771 1949 832 2004 quo
845 1931 921 1990 bene
938 1934 1020 2000 vale,
1035 1942 1065 1989 et
1081 1950 1134 1989 ora
1150 1951 1207 2007 pru

154 2041 217 2082 me.
251 2025 353 2081 Tertia
369 2023 555 2093 Norembo,
571 2023 752 2082 MDXLIII.

352 2192 379 2250 P
412 2194 431 2250 s
736 2113 777 2169 Τ.
793 2111 944 2170 Martinus
960 2112 1113 2171 Lutherus
1130 2112 1173 2171 D.

221 2284 350 2340 Salutem
368 2285 457 2339 dicito
475 2283 518 2339 D.
534 2283 652 2339 Danieli
668 2282 787 2339 Pastori
806 2283 990 2354 Dresdensi,
1011 2293 1042 2342 et
1058 2301 1134 2357 quse
1153 2284 1204 2343 tibi

151 2375 279 2447 scripsi,
296 2374 335 2429 illi
351 2375 460 2445 scripta
498 2390 597 2446 uoque
614 2374 712 2431 velim.
747 2374 817 2428 Scio
827 2391 875 2429 me
887 2375 1076 2445 respondisse
1088 2375 1123 2430 ad
1135 2392 1205 2447 pro.

149 2467 253 2524 xlmas
270 2464 335 2534 ejus
351 2391 506 2528 literana
539 2463 568 2517 Si
586 2479 645 2518 nou
664 2474 732 2518 sunt
752 2462 900 2532 redditae,
923 2463 1002 2522 haud
1025 2463 1112 2521 dubie
1132 2475 1205 2525 sunl

150 2559 335 2625 interceptae
351 2570 406 2626 per
422 2554 496 2609 istos
512 2552 726 2609 Beckeriauos.
743 2555 768 2618 ¹)

184 2875 211 2931 7.
229 2869 428 2934 notenses.
847 2867 904 2927 Nl.
921 2867 1166 2929 MMcuxxtv.

538 2995 587 3066 itu
619 2991 813 3074 tutiori.

147 3142 209 3193 men
227 3140 301 3192 tunes
318 3140 395 3194 ilites
411 3140 494 3186 immae
510 3139 669 3262 uotizrgm
682 3137 750 3266 tigri?
768 3135 822 3188 nno
834 3136 987 3191 manutere}
1003 3136 1077 3193 ultre
1093 3135 1148 3184 ittet
1161 3136 1197 3184 tle

562 3213 574 3265 t
606 3222 616 3257 e
642 3219 680 3258 tm
719 3213 788 3258 tttn.

200 3413 372 3468 unrtntdnbln
386 3414 429 3461 eut
442 3415 516 3467 sintin
529 3414 585 3466 ‘lut
599 3414 676 3465 sltlbt.
690 3414 730 3464 teu
743 3413 936 3460 Setiendorl
947 3412 973 3459 L.
983 3413 1023 3460 lll.
1041 3425 1059 3458 s.
1069 3413 1103 3462 27.
1120 3413 1139 3467 l.
1149 3414 1193 3460 tte.

146 3490 230 3548 plor.
244 3498 269 3535 u.
282 3488 402 3534 strobel
412 3489 547 3533 -ltanner
561 3489 652 3543 nim
666 3488 898 3541 uuttltdntlnmtibtc
911 3487 1196 3539 summissumtlnlr.

146 3562 352 3616 &astrictius
370 3572 396 3614 tu
413 3564 476 3614 menn
494 3564 534 3611 leti
548 3560 659 3618 &diist
678 3561 694 3605 l.
712 3562 759 3609 287.
783 3560 882 3611 mentm
899 3561 939 3611 les
952 3560 1046 3609 mutar
1060 3561 1122 3607 xiil.
1137 3563 1193 3609 1512.

146 3637 204 3688 mal
216 3636 326 3689 butino!
340 3635 434 3687 lenisset
447 3635 487 3686 sub
500 3636 533 3681 im
547 3634 605 3680 cod.
618 3633 728 3682 Seidel.
742 3644 768 3688 tu
781 3635 900 3686 Drtllrni
920 3636 966 3682 unt
983 3634 1010 3687 ll
1027 3634 1067 3686 itit
1084 3636 1130 3684 unt
1147 3642 1213 3683 tttv‘

146 3708 238 3764 eliditis
250 3710 350 3754 merten.

198 3863 219 3913 l)
231 3861 283 3911 ‘uer
296 3860 357 3911 edt-
370 3861 428 3914 tritt
440 3861 495 3912 stete
509 3859 655 3912 neuturus.

149 3959 378 3975 μ

198 4016 223 4068 ‘l
236 4014 269 4066 ὅ.
283 4014 328 4066 tlt.
341 4023 364 4062 t.
375 4016 409 4063 rt.
423 4017 487 4066 otto
500 4014 545 4062 llo.
554 4013 696 4063 lulchxll.
