2616 4710
601 316 689 384 aaa
862 398 868 408 ,
1111 311 1171 417 ⁵⁹³

121 471 208 540 cujus
232 472 362 554 cognitio
388 473 423 528 sd
448 475 620 530 erudiendas
644 485 761 530 mentes
790 483 819 530 et
844 472 1060 529 confirmandas
1084 483 1172 526 veras

121 563 275 631 opiniones
302 564 460 634 plurimum
485 567 632 620 conducit.
670 567 838 636 Diligenter
863 565 972 619 audivit
997 565 1172 632 interpretes

119 649 342 720 Prophetarum
355 664 383 706 et
396 654 610 724 Apostolorum
623 655 651 708 in
664 654 721 708 hac
735 654 855 721 schola,
877 665 905 708 st
918 653 1042 707 contulit
1053 660 1173 705 veteres

121 739 257 794 Graecos
289 753 318 794 et
341 742 464 804 Latinos
497 745 659 815 scriptores
685 745 721 798 ds
746 743 900 798 Ecclesiae
927 739 1111 810 dogmatibus
1145 745 1175 793 et

122 830 235 897 piarum
252 830 438 900 Synodorum
456 833 591 901 decreta,
610 843 642 888 ut
658 844 770 901 teneat,
790 833 860 904 quid
880 832 1097 902 Apostolorum
1112 827 1174 883 Ec.

122 919 211 972 clesia
236 921 354 989 puriore
379 933 472 975 aetate
496 924 641 989 senserit,
666 934 695 977 et
716 922 819 976 Deum
846 921 926 975 finna
949 920 1005 974 lide
1032 919 1176 973 invocare

121 1019 153 1064 et
176 1009 248 1063 alios
272 1020 350 1063 recte
374 1010 484 1065 docere
502 1011 606 1082 possit.
640 1011 715 1066 Cum
739 1010 828 1081 igitur
845 1010 881 1064 ab
903 1010 1044 1081 Ampliss.
1064 1007 1175 1061 Senatu

119 1099 333 1169 Ratisponensi
359 1100 394 1152 ad
420 1101 587 1155 docendum
604 1097 797 1171 Evangelium
823 1112 947 1154 vocatus
972 1107 1070 1164 esset,
1096 1113 1130 1151 ac
1156 1112 1175 1150 a

119 1188 210 1242 nobis
227 1189 349 1259 petitum
367 1201 463 1257 esset,
481 1202 514 1243 ut
529 1191 701 1245 testimonio
719 1191 748 1245 in
765 1188 877 1243 scholis
895 1189 1001 1244 usitato
1020 1196 1185 1241 commen:

123 1278 261 1345 daretur,
280 1279 402 1332 libenter
418 1279 500 1334 hunc
513 1280 634 1335 Hieron.
651 1280 774 1352 Nopum
792 1290 914 1350 propter
931 1279 1060 1349 optimos
1079 1275 1174 1347 ipsius

122 1383 224 1422 mores
249 1379 278 1421 et
296 1370 432 1422 eximiam
450 1370 644 1424 eruditionem
661 1370 752 1439 gradu
768 1370 940 1436 doctoratus
960 1367 987 1421 in
1004 1364 1175 1434 Theologia

123 1459 312 1525 ornavimus,
337 1459 423 1528 idque
447 1459 496 1514 his
522 1459 614 1514 literis
640 1470 796 1528 testamur,
820 1470 849 1512 et
874 1458 976 1513 Deum
1001 1467 1175 1523 aeternum,

124 1544 244 1602 Patrem
261 1548 383 1603 Domini
401 1553 495 1603 nostri
510 1547 587 1603 «lesu
605 1547 732 1616 Christi,
755 1551 893 1620 quoniam
916 1548 945 1601 in
962 1544 1113 1613 Evangelii
1130 1545 1177 1598 lu.

124 1653 192 1690 cem
209 1653 277 1690 eum
295 1639 422 1692 traduxit
438 1654 471 1691 sc
483 1641 661 1692 voluntatem
679 1639 706 1692 ei
722 1639 819 1704 dedit,
838 1647 869 1690 ut
882 1637 927 1706 pie
942 1635 1054 1690 servire
1066 1633 1178 1689 Eccle-

125 1727 186 1780 siae
203 1726 318 1795 cupiat,
344 1743 519 1797 precamur,
545 1737 578 1781 ut
595 1727 712 1796 adjuvet
730 1742 814 1791 eum,
839 1736 870 1779 ut
891 1725 1083 1779 ministerium
1110 1723 1177 1792 ejus

124 1816 165 1868 sit
182 1816 254 1869 felix
280 1826 308 1868 et
324 1817 467 1883 salutare,
492 1816 569 1870 sicut
594 1817 737 1886 scripturn
760 1824 819 1870 est:
845 1813 936 1869 Deus
958 1821 1023 1882 est,
1046 1812 1117 1887 qui,
1141 1816 1177 1866 ut

125 1903 208 1960 hona
226 1903 372 1973 velimus,
398 1902 508 1974 efficit,
534 1913 562 1959 et
579 1905 730 1975 adjuvat,
747 1913 781 1960 ut
799 1906 1026 1977 perficiamus,
1052 1900 1116 1976 ὑπὲρ
1132 1903 1178 1969 alie

126 1991 262 2062 εὐδικίας,
278 1996 296 2048 i·
309 2013 336 2049 e.
354 2002 389 2049 ut
406 1996 518 2070 clipea
526 1998 619 2062 fiant
634 1997 698 2066 ipsi
712 2001 823 2068 qratia
856 1995 991 2048 Maxima
1011 1994 1090 2047 enim
1107 2008 1177 2069 pars

126 2086 243 2153 generis
260 2085 400 2151 humani,
422 2087 554 2140 furenter
571 2097 766 2140 contemnens
781 2085 897 2152 Deum,
916 2085 973 2139 ruit
988 2083 1019 2138 in
1044 2084 1175 2150 scelera,

127 2175 235 2247 quibus
251 2174 434 2230 horribiliter
449 2175 537 2230 Deus
554 2176 703 2230 irascitur:
721 2176 774 2230 sed
792 2192 828 2230 ne
851 2186 947 2230 totum
965 2189 1056 2243 gertus
1073 2173 1178 2228 huma.

127 2281 200 2320 num
216 2276 331 2335 pereat,
349 2265 483 2338 excerpit
498 2265 585 2320 Deus
603 2265 718 2337 aliquos
736 2265 764 2318 in
781 2263 916 2320 Ecclesia
935 2280 1004 2333 aua,
1028 2281 1082 2336 per
1098 2280 1178 2336 quos
1259 2296 1262 2301 -

127 2355 205 2409 bona
223 2367 251 2409 et
266 2357 399 2410 salutaria
416 2355 503 2424 fiant,
529 2373 583 2426 per
599 2371 676 2427 quos
693 2353 843 2425 Evangelii
862 2357 914 2409 lux
937 2356 994 2410 late
1013 2356 1177 2426 spargitur,

127 2458 156 2499 et
179 2445 260 2499 multi
286 2445 321 2498 ad
347 2446 521 2514 agnitionem
539 2445 599 2499 Dei
626 2454 655 2498 et
680 2445 714 2497 ad
736 2446 821 2498 vitam
845 2456 992 2498 aeternam
1014 2455 1176 2511 vocantur,

126 2547 249 2606 propter
265 2550 341 2605 quos
360 2545 516 2589 servantur
532 2533 667 2605 politiae.
684 2549 759 2603 quae
779 2531 850 2587 iiunt
866 2533 993 2602 hospitia
1010 2532 1178 2589 Ecclesiae.

126 2627 161 2679 ln
179 2627 238 2679 hoc
255 2641 379 2680 numero
397 2641 463 2680 esse
480 2625 602 2679 Hieron.
615 2623 737 2694 Nopum
756 2638 925 2694 speramus,
944 2631 1040 2690 et,*ut
1056 2637 1177 2694 semper

127 2716 154 2764 ei
172 2714 247 2767 adsit
263 2713 366 2777 Deus,
383 2728 502 2784 semper
518 2728 587 2766 eum
604 2711 747 2780 gubernet
759 2712 865 2780 Spiritu
880 2711 1002 2776 Sancto,
1020 2726 1059 2765 ex
1077 2712 1177 2769 animo

128 2816 292 2869 precamur.
325 2800 486 2856 Postremo
509 2809 538 2855 et
556 2800 721 2854 Ecclesiam
737 2799 986 2870 Ratisponensem
1003 2800 1175 2870 hortamur,

128 2902 161 2943 ut
177 2889 328 2958 Evangelii
347 2892 499 2962 puritatem
516 2889 641 2945 retinere
659 2891 791 2957 studeat,
810 2898 839 2943 et
855 2889 1008 2943 ministros
1025 2901 1106 2943 recte
1124 2890 1177 2945 du.

127 2990 228 3033 centes
240 2978 365 3047 benigne
383 2973 497 3044 foveat,
515 2988 548 3032 ut
559 2979 763 3046 gratitudinem
777 2994 860 3033 susm
878 2994 946 3047 erga
956 2977 1058 3033 Deum
1076 2990 1178 3034 osten.

128 3067 176 3122 dat
193 3085 247 3138 pro
265 3078 404 3122 renovata
422 3069 487 3122 luce
502 3065 661 3136 Evangelii.
694 3067 807 3122 Ferunt
823 3069 902 3122 euim
919 3067 948 3122 itt
965 3067 1069 3122 ilsdem
1082 3069 1177 3136 regio..

126 3158 233 3225 nibus,
263 3159 375 3213 semina
398 3155 550 3226 Evangelii
576 3159 672 3213 atatim
698 3167 766 3228 post
788 3156 950 3228 Apostolos
977 3172 1079 3228 sparsa
1108 3173 1176 3213 esse

127 3267 182 3319 per
201 3249 327 3302 Lucium
343 3248 542 3317 Cyrenaeum,
559 3247 609 3317 qui
628 3246 656 3301 in
676 3248 758 3302 Actis
774 3246 990 3318 Apostolorum
1007 3247 1176 3303 celebratur

127 3355 190 3408 cap.
209 3337 289 3392 x111.
322 3336 409 3391 llunc
432 3350 570 3391 secutum
593 3337 744 3391 exercitus
766 3335 921 3392 Romanos
944 3336 978 3389 ad
1003 3335 1177 3412 Danub‘ptm

127 3439 243 3480 narrant
261 3427 289 3480 in
309 3428 436 3495 Auguste
454 3425 596 3480 Tiberina
612 3425 720 3481 Christi
738 3441 847 3481 nomen
864 3436 893 3480 et
911 3424 1076 3480 doctrinam
1092 3442 1177 3497 prae.

128 3518 255 3572 dicasse.
289 3516 366 3570 Tam
379 3517 438 3570 cito
448 3515 536 3570 Deus
548 3514 604 3569 sibi
622 3516 650 3569 in
664 3515 724 3570 istis
736 3516 852 3587 populis
864 3514 1034 3570 Ecclesiam
1046 3517 1177 3588 collegit.

129 3606 282 3662 Gaudeant
298 3618 395 3660 autem
407 3621 485 3659 nunc
502 3620 622 3676 quoque
634 3605 687 3676 pii,
705 3621 807 3660 rursus
825 3620 981 3661 accensam
998 3588 1177 3669 esselucetu

129 3696 298 3764 EvangeIII,
330 3712 454 3766 eamque
484 3696 564 3749 veria
597 3694 698 3750 ciliciis
724 3696 849 3750 retinere
880 3706 1005 3761 curent,
1033 3707 1066 3751 ttt
1089 3695 1178 3754 Deus

128 3795 276 3852 aeternus,
289 3784 376 3839 Pater
389 3785 497 3839 domiui
511 3784 604 3839 nostri
615 3784 692 3839 Jesu
703 3784 823 3850 Christi,
834 3801 906 3840 vere
917 3783 1073 3841 invocetur
1087 3797 1117 3842 et
1128 3801 1178 3843 ce·

128 3875 268 3930 lebretur.
302 3874 397 3929 Datae
409 3874 619 3942 Witenbergae
632 3873 678 3929 die
690 3873 818 3930 Octobr.
832 3877 871 3930 1⁵.
879 3915 889 3943 ,
906 3892 982 3930 auno
998 3873 1178 3941 Moxbm.

1010 3961 1058 4022 Μ.
1075 3964 1113 4022 L.

208 4054 279 4134 att.
297 4050 336 4119 V.
697 4077 699 4081 ·
874 4026 877 4033 ’
935 4059 975 4122 aa
