2730 4724
621 313 710 388 1543.
1132 304 1210 381 dil

137 487 263 537 tractas.
296 473 352 533 Vel
375 491 437 534 non
462 483 507 533 est
530 475 647 548 sapiens
668 477 816 532 internos
834 484 973 543 autvos,
999 473 1034 529 ad
1051 489 1127 546 quos
1147 488 1194 531 re.

137 570 239 627 ferres
259 571 331 623 iram
348 580 445 636 tuam,
462 580 618 638 antequam
636 567 680 622 sic
697 567 860 622 insanires?
943 624 951 643 1

208 659 267 713 Sed
284 658 320 711 ad
336 673 412 710 rem.
443 655 514 711 Non
539 671 594 710 nos
619 666 701 722 ate,
728 656 779 710 sed
802 667 833 707 tu
856 670 871 707 a
893 654 979 709 nobis
1003 653 1081 710 haud
1106 653 1208 711 dubie

139 748 255 816 habes,
280 748 362 818 quod
379 757 558 800 sacramenta
577 745 636 799 sint
653 746 804 810 actiones,
829 762 887 799 non
909 754 1020 801 stantes
1037 746 1194 803 factiones.

140 838 200 895 Sed
217 853 292 908 quae
311 849 357 891 est
373 836 426 890 ista
438 834 599 909 'singularis
618 847 666 887 tua
683 835 848 902 temeritas,
873 848 906 889 ut
930 845 986 889 tam
1004 837 1079 890 mala
1095 837 1195 908 specie

140 946 205 984 non
233 927 399 993 abstineas,
435 942 523 997 quam
548 924 626 980 scire
654 935 684 979 te
714 925 844 997 oportuit
873 940 938 979 esse
971 925 1194 997 scandalosam,

140 1035 249 1090 nempe
267 1017 348 1088 quod
366 1016 511 1087 reliquum
528 1014 588 1069 vini
605 1015 652 1068 vel
665 1013 749 1086 panis
760 1014 868 1068 misces
880 1014 970 1085 priori
984 1015 1050 1087 pani
1063 1026 1092 1071 et
1103 1017 1194 1076 vinot

142 1110 217 1185 Quo
236 1107 374 1176 exemplo
393 1105 421 1159 id
439 1105 535 1160 sacis?
568 1103 639 1159 Non
662 1104 746 1160 vides
769 1116 868 1171 certe,
895 1120 983 1175 quam
1010 1107 1194 1177 periculosas

140 1200 336 1273 quaestiones
361 1195 514 1258 movebis,
540 1194 564 1247 si
582 1202 634 1247 tuo
652 1209 743 1248 sensu
761 1193 911 1247 abundans
929 1195 1110 1264 contendes,
1129 1212 1197 1252 ces.

143 1301 231 1347 sante
248 1289 364 1342 actione
381 1301 499 1339 cessare
524 1296 749 1337 sacramentum.
782 1283 990 1352 Zuinglianum
1011 1295 1038 1337 te
1056 1286 1134 1341 l’orte
1150 1288 1196 1344 vis

142 1379 255 1444 audiri,
280 1388 310 1432 et
332 1393 388 1445 ego
411 1385 440 1429 te
458 1373 589 1442 Zuinglii
610 1372 720 1428 insania
743 1374 878 1428 laborare
901 1374 1036 1440 credam,
1061 1375 1112 1446 qui
1135 1386 1197 1433 tam

141 1467 276 1541 superbe
288 1475 318 1520 et
332 1464 505 1520 contemtim
518 1464 632 1532 irritas,
651 1479 720 1518 cum
737 1474 786 1517 tua
803 1464 850 1517 illa
868 1463 1007 1533 singulari
1025 1474 1054 1520 et
1068 1465 1197 1535 gloriosa

142 1559 296 1631 sapientia.
332 1554 404 1610 Non
421 1568 483 1608 erat
500 1555 552 1608 alia
570 1555 631 1619 via,
653 1564 685 1608 ut
700 1553 878 1625 simplicibus
897 1566 926 1608 et
943 1556 1117 1612 adversariis
1135 1576 1197 1615 non

142 1652 265 1707 daretur
285 1646 437 1716 suspicio,
462 1654 492 1698 te
510 1660 578 1699 esse
595 1653 813 1698 contemtorem
832 1645 1025 1708 sacramenti,
1052 1663 1139 1717 quarn
1165 1657 1197 1706 ut

142 1742 221 1797 mala
239 1735 340 1810 specie
358 1734 542 1802 offenderes,
561 1735 706 1805 reliquum
725 1734 898 1814 sacramenti
916 1735 1068 1789 miscendo
1083 1747 1111 1791 et
1125 1754 1198 1792 con.

142 1825 296 1881 tundendo
314 1840 383 1879 cum
399 1827 469 1878 vino
487 1824 597 1892 priori?
632 1824 692 1877 Cur
715 1841 775 1877 non
799 1824 918 1878 imitaris
936 1824 1005 1879 alias
1023 1824 1198 1888 Ecclesias?

143 1915 209 1971 Cur
233 1916 316 1969 solus
341 1915 386 1970 vis
411 1930 508 1968 novus
534 1925 562 1967 et
587 1914 772 1984 periculosus
797 1927 882 1968 stator
906 1913 1028 1970 haberi?
1060 1916 1141 1972 llaec
1161 1920 1199 1975 ita

144 2005 286 2060 dolenter
301 1999 417 2071 scribo,
440 2015 470 2056 ut
495 2004 571 2058 scias
597 2016 625 2057 te
649 2019 698 2056 me
722 2003 881 2058 offendisse
900 2016 928 2058 et
945 2006 1079 2074 spiritum
1097 2024 1199 2065 meum
1289 2038 1293 2044 v

143 2095 351 2150 contristasse.
384 2094 436 2148 Tu
454 2094 518 2164 ipse
535 2093 627 2158 dicis,
652 2109 743 2161 nugas
767 2109 851 2161 esse,
876 2104 905 2148 et
926 2112 981 2166 pro
999 2097 1083 2166 nugis
1100 2099 1138 2152 ita
1156 2098 1200 2153 in.

144 2186 249 2242 sanis?
286 2185 328 2239 lta
345 2194 413 2238 sunt
430 2199 523 2251 nugae
540 2183 661 2237 nimium
678 2183 783 2244 seriae.
817 2182 872 2238 Sed
885 2194 916 2237 tu
928 2185 1001 2239 forte
1015 2187 1086 2241 nibil
1100 2205 1199 2259 curas,

145 2275 215 2346 qais
228 2273 406 2342 offendatur,
423 2273 492 2328 dum
511 2283 541 2328 ιιι
560 2273 665 2327 evadas
681 2274 779 2327 victor
792 2289 949 2342 nugatum:
968 2275 1019 2329 sed
1033 2277 1198 2351 Dominus,

147 2366 198 2423 oui
215 2376 246 2419 tu
265 2363 398 2432 resistis,
415 2364 535 2418 resistet
551 2362 682 2417 vicissim
701 2362 760 2417 tibi.

215 2454 316 2528 Quare
334 2464 363 2508 te
381 2452 506 2519 hortor,
530 2453 579 2523 qui
598 2452 678 2518 scis,
703 2462 751 2505 aut
769 2452 847 2506 scire
866 2452 975 2519 debes,
999 2458 1152 2526 quomodo
1170 2459 1200 2515 in
1221 2461 1225 2471 '

144 2543 288 2602 Ecclesia
306 2543 344 2598 sit
361 2543 585 2610 ambulandum,
609 2552 639 2593 ut
655 2557 724 2595 cum
744 2542 783 2597 D.
801 2541 953 2596 Friderico
971 2546 1072 2600 redeas
1091 2548 1119 2601 in
1135 2565 1200 2618 gra.

146 2638 239 2702 uam,
266 2645 294 2688 et
310 2650 370 2687 uno
388 2634 478 2687 corde
496 2632 574 2686 idem
593 2632 728 2702 sapiatis,
750 2647 811 2684 uno
830 2647 881 2684 ore
899 2632 1000 2687 dicatis
1019 2635 1105 2690 idem.
1140 2637 1201 2694 Po.

147 2724 223 2781 teris
239 2723 317 2778 enim
335 2724 391 2789 ita,
417 2733 449 2775 ut
465 2738 521 2776 nos
538 2721 588 2773 hic
606 2720 747 2787 iacimus,
773 2720 919 2790 reliquum
938 2724 1112 2778 sacramenti
1131 2742 1200 2781 cum

146 2812 441 2869 communicantibus
467 2810 586 2866 ebibere
612 2820 641 2863 et
667 2812 844 2875 comedere,
870 2822 900 2862 ιιι
925 2828 985 2864 non
1002 2814 1038 2865 sit
1056 2829 1200 2883 necesse,

147 2905 337 2975 quaestiones
363 2903 434 2957 istas
459 2901 645 2954 scandalosas
669 2911 698 2953 et
722 2900 903 2971 periculosas
920 2904 1036 2957 moveri
1052 2903 1087 2955 de
1104 2919 1202 2959 cessa.

147 2994 232 3047 tione
253 2992 379 3046 actionis
400 2990 641 3055 sacramentalis,
666 2989 694 3042 in
722 2989 828 3060 quibus
853 3000 883 3042 tu
911 2989 1120 3060 suffocaberis,
1144 2995 1201 3064 nisi

148 3081 318 3153 resipiscas.
351 3081 429 3136 Nam
455 3081 514 3135 hoc
542 3090 715 3147 argumento
742 3079 827 3133 tolles
851 3089 945 3133 totum
964 3093 1200 3151 sacratrtcntum,

148 3189 207 3227 uec
221 3171 332 3239 babes,
350 3170 430 3242 quod
445 3171 625 3241 respondeas
638 3167 916 3234 calumniatoribus,
933 3169 982 3238 qui
996 3169 1110 3236 dicent,
1127 3171 1214 3245 inter

150 3261 297 3330 agendum
316 3261 381 3330 plus
400 3273 496 3314 cessat
508 3267 745 3324 sacramentum,
762 3273 850 3327 quam
864 3270 1031 3312 exercetur.
1065 3260 1202 3317 Tandem

150 3351 343 3406 deveniemus
367 3351 402 3404 ad
425 3350 534 3418 Cratyli
557 3359 706 3419 portenta,
732 3359 765 3402 ut
789 3363 929 3416 cogamur
953 3348 1065 3403 actione
1091 3362 1203 3408 tantum
1220 3372 1232 3394 -·

150 3439 263 3495 babere
280 3448 516 3506 sacramentum,
538 3454 598 3491 non
623 3437 838 3491 intermissione
859 3437 1051 3492 accidentium
1062 3480 1072 3506 ,
1095 3451 1125 3495 et
1142 3447 1204 3497 tan.

152 3532 221 3586 dem
240 3529 295 3582 erit
311 3540 428 3599 tempus
446 3537 474 3581 et
489 3534 674 3587 momentum
692 3529 866 3581 sacramenti
884 3543 989 3593 causa,
1006 3537 1035 3582 et
1047 3528 1100 3582 alia
1112 3531 1205 3587 multa

154 3617 280 3672 absurda
297 3629 468 3688 sequentur.
503 3617 604 3689 Quare
622 3628 687 3670 esto
704 3617 869 3671 conformis
888 3617 951 3670 aliis
969 3616 1128 3688 EcclesiiS,
1145 3637 1204 3677 uec

155 3707 211 3761 illis
228 3706 339 3760 bellum
356 3707 477 3768 inferto,
497 3724 534 3759 ne
553 3706 732 3760 succumbas
751 3722 818 3760 cum
838 3708 1002 3776 ignominia.
1036 3706 1102 3777 Ego
1121 3721 1203 3766 certe

154 3812 208 3867 pro
227 3797 300 3850 meis
318 3794 429 3848 viribus
447 3804 513 3848 tuae
530 3796 717 3863 singularitati
736 3807 764 3850 et
782 3796 938 3850 temeritati
961 3798 1149 3853 scandalosae
1174 3811 1205 3856 et

154 3885 315 3939 oll'ensivae
333 3882 527 3950 adversabor,
546 3902 602 3938 nec
621 3884 752 3939 nltimam
763 3885 868 3940 horam
881 3901 976 3939 meam
989 3887 1047 3941 tuis
1059 3890 1204 3944 scandalis

154 3976 268 4030 onerari
286 3974 391 4030 sinam.
425 3972 496 4028 Vale
514 3976 542 4027 in
561 3974 693 4029 Domino
703 4014 712 4042 ,
731 3976 758 4029 in
771 3974 904 4033 Domino
922 3975 1060 4047 iuquam,
1077 3989 1106 4034 et
1119 3980 1204 4035 iatam
