2730 4724
134 322 198 393 nt
615 329 706 410 esta.

134 480 239 555 (boton
252 484 294 545 ite
306 483 454 553 stitture
470 485 688 555 attinentem
705 485 761 544 nni
774 484 834 555 todi
847 481 905 551 itin
922 482 998 544 tritt
1008 478 1187 558 {renititis

134 572 213 642 tibet
229 573 301 645 inb)
318 575 455 645 instituti
472 575 594 645 enticis
610 580 665 636 tuti
688 576 719 638 itt
736 575 794 642 itin
812 575 881 649 enin
898 574 981 645 Μαι
999 575 1157 644 ouinetne.

142 679 146 689 ’
200 680 270 741 bier
295 680 339 748 itt
356 680 440 751 nitet
465 681 526 752 cudi
549 684 600 743 bat
622 681 785 751 stettein
806 683 861 743 nni
884 678 978 748 tatto
1002 694 1034 753 ta
1058 680 1188 742 ittuntur

135 768 204 840 (eut
220 769 266 828 bet
283 769 427 840 &tortior
452 774 521 832 trun
543 771 583 842 id>
601 771 752 833 bettino
774 773 829 831 uni
847 769 1095 843 mittaturne,
1119 768 1190 840 nisit

134 857 189 917 anit
206 857 322 926 cintrito
340 861 399 920 tob
416 861 573 932 unipotens
591 859 620 921 in
638 859 721 926 bitin
738 859 905 932 attulimus
924 857 1092 931 ttttbittinen
1110 859 1187 925 δια]

136 947 455 1022 intentamente
472 949 568 1017 fetens
586 951 641 1011 uni
659 950 768 1018 auertet
787 948 909 1016 ffietbett
926 949 1062 1016 nitebant
1080 949 1189 1015 nintn

136 1037 197 1106 euni
210 1036 340 1106 institor
353 1038 431 1098 tant.
465 1038 574 1105 &tibet
591 1052 653 1099 tun
670 1038 750 1099 weit
767 1041 823 1098 unt
843 1038 947 1098 §iubet
965 1037 996 1098 tn
1013 1038 1191 1110 utnetttbtet

136 1125 233 1192 bitte„
250 1127 473 1197 subsentiret,
491 1126 587 1201 attuit
605 1130 659 1188 uni
677 1132 823 1200 unoettngt
841 1128 879 1188 in
891 1130 999 1198 benus
1016 1130 1073 1186 unt
1092 1133 1190 1188 notttt

136 1216 189 1283 uui
203 1216 251 1283 tta
268 1217 346 1286 betti
359 1216 486 1281 octub,
503 1217 612 1288 totino
623 1231 662 1278 ιιι
674 1218 742 1283 note
760 1215 810 1285 itis
827 1217 882 1277 unt
899 1216 981 1287 initu
997 1215 1091 1278 tenta
1110 1218 1191 1287 tottii

136 1305 233 1368 aner.
266 1308 318 1368 bn
335 1307 389 1371 st.
406 1307 680 1375 martianaeum
697 1307 777 1370 tinne
795 1311 868 1370 1539.

646 1569 682 1625 B.

139 1691 324 1751 Venerabili
336 1695 371 1752 in
383 1694 523 1751 Domino
537 1693 619 1749 Viro
626 1733 636 1762 ‚
652 1694 748 1748 Joarr.
761 1691 941 1760 Mantello,
957 1707 1048 1746 servo
1061 1689 1186 1747 Christi

441 1790 472 1838 et
486 1800 543 1839 suo
550 1781 664 1855 fratri
680 1782 881 1837 charissimo.

139 1885 195 1978 G·
212 1942 242 1986 et
257 1931 294 1988 P.
311 1932 339 1987 in
356 1908 493 1986 Christo:
523 1930 684 1986 Postuiasti
699 1946 794 2009 ame,
810 1930 850 1984 mi
861 1930 1015 1997 Joanues,
1033 1928 1192 1999 aliquoties

139 2037 194 2094 per
209 2022 387 2076 mediatores
410 2031 481 2075 tuos
507 2019 627 2088 literas,
646 2010 759 2092 ¹quibus
783 2021 825 2076 uti
846 2019 972 2088 acribia,
997 2018 1136 2074 solatium
1161 2029 1192 2074 et

138 2111 323 2187 refrigerium
350 2110 512 2182 acciperes.
561 2111 600 2164 At
624 2127 680 2180 ego
705 2111 848 2179 cogitavi,
877 2112 970 2165 multo
994 2109 1088 2180 magis
1114 2124 1192 2182 opus

139 2216 206 2255 esse
224 2200 281 2254 tuis
298 2199 391 2254 literis
409 2197 645 2267 refrigerantibus
661 2215 761 2252 meum
779 2199 933 2270 spiritum,
959 2199 1008 2269 qui
1021 2198 1085 2269 jam
1103 2199 1191 2254 nimis

138 2305 207 2343 curn
228 2287 305 2342 Loth
323 2299 353 2342 et
370 2298 471 2341 tecum
487 2286 608 2341 crucior
631 2286 660 2341 in
677 2286 733 2340 hac
751 2288 873 2342 satanica
897 2298 927 2342 et
943 2287 1050 2341 nefaria
1075 2286 1193 2352 ingrati.

139 2377 239 2431 tudine
264 2386 293 2431 et
317 2374 449 2430 horribili
467 2387 616 2430 contemtu
638 2375 720 2429 verbi
739 2374 915 2443 salvatoris,
937 2377 1039 2431 videns
1056 2377 1192 2431 Satanam

139 2475 199 2522 tam
217 2468 354 2538 potenter
370 2465 461 2519 corda
485 2481 589 2520 eorum
611 2465 783 2535 possidere,
810 2466 859 2536 qui
886 2466 998 2537 primos
1022 2481 1090 2521 sese
1114 2466 1191 2521 arbi.

138 2566 254 2613 trentur
270 2557 335 2611 fore
353 2555 381 2610 in
399 2572 489 2625 regno
507 2554 616 2609 Christi
633 2564 663 2609 et
676 2554 747 2609 Dei.
781 2554 893 2610 Verum
905 2565 934 2610 et
946 2555 1082 2627 privatim
1092 2559 1186 2626 agitor

139 2646 348 2702 vexationibus
372 2629 554 2715 et'negotiis.
588 2644 689 2719 Quare
706 2643 852 2700 hactenns
876 2646 1001 2700 abstinui
1025 2647 1072 2700 vel
1097 2647 1190 2719 impe.

140 2738 215 2794 ditus
228 2736 270 2792 fui
289 2736 324 2790 ud
336 2745 366 2791 te
376 2734 517 2791 scribere.
551 2733 617 2790 Orc
630 2744 742 2800 autem,
760 2746 793 2789 ut
806 2735 863 2789 mei
875 2751 980 2806 pergas
995 2751 1061 2791 esse
1073 2752 1191 2793 memor

139 2829 169 2882 in
186 2827 242 2882 fide
260 2826 462 2900 precationum
478 2835 609 2891 tuarum,
632 2825 709 2879 sicut
726 2834 756 2878 et
772 2840 829 2880 nos
847 2825 889 2879 tui
906 2841 1056 2881 memores
1077 2843 1190 2884 sumus.

139 2915 219 2972 Nam
243 2915 323 2987 quod
350 2913 385 2968 tie
409 2923 509 2968 morte
526 2911 649 2979 acribia,
672 2913 748 2966 nosti
768 2913 936 2982 symbolum
955 2915 1189 2987 Apostolorum,

139 3015 289 3061 mortuum
313 3003 429 3059 scilicet
451 3018 518 3057 ease
536 3000 625 3055 fliium
644 3000 720 3067 Dei,
743 3016 775 3055 ut
792 3017 845 3056 sua
861 3014 959 3059 morte
981 3003 1053 3059 nihii
1080 3006 1192 3060 iaceret

140 3109 181 3151 ex
205 3094 338 3151 omnium
362 3107 485 3147 suorum
511 3102 619 3146 morte.
653 3089 735 3164 Quid
758 3092 854 3161 magni
879 3104 941 3158 est,
969 3109 1101 3165 quaeso,
1134 3108 1190 3152 nos

139 3185 237 3242 mori?
271 3182 326 3238 Sed
344 3181 528 3251 cogitemus,
546 3179 627 3233 iilum
644 3180 738 3248 mori,
766 3193 796 3236 et
811 3197 867 3253 pro
884 3181 1073 3238 nobismori.
1109 3184 1191 3241 Haec

141 3291 199 3330 una
214 3285 244 3327 et
259 3271 322 3327 scia
340 3281 386 3326 est
402 3285 500 3336 mors,
524 3284 599 3339 qnae
616 3268 703 3323 debet
721 3279 856 3326 nostrum
874 3288 943 3335 cor,
968 3287 1074 3327 sensus
1093 3283 1123 3328 et
1140 3291 1190 3328 co.

142 3365 296 3436 gitationee
321 3364 366 3417 sic
389 3360 530 3431 impiere,
555 3369 588 3411 ut
613 3360 751 3428 putemus
776 3360 848 3413 nihii
870 3360 986 3428 vivere,
1010 3379 1066 3416 nec
1093 3364 1189 3435 ipsum

142 3456 259 3521 solem,
282 3449 450 3519 sed-omnia
466 3464 534 3502 cum
551 3447 685 3503 Domino
709 3447 775 3518 ipso
792 3461 910 3503 mortua
932 3467 1015 3517 esse,
1039 3465 1069 3506 et
1093 3454 1188 3508 omnia

143 3562 212 3600 curn
237 3545 303 3614 ipso
328 3548 529 3596 resurrectura
554 3537 583 3591 in
609 3535 659 3591 illo
676 3537 733 3593 die.
773 3536 808 3593 ln
832 3536 910 3593 banc
935 3539 1023 3609 igitur
1047 3541 1138 3596 vitam
1161 3553 1190 3596 et

142 3644 272 3690 mortem
288 3629 500 3685 absorbeamur
516 3642 585 3680 cum
603 3636 704 3681 nostra
720 3637 816 3681 morte
833 3637 863 3682 et
879 3630 957 3696 vita,
973 3637 1034 3683 tum
1050 3647 1121 3687 cum
1140 3632 1186 3687 ilio

143 3724 289 3789 vivemus.
322 3716 490 3774 Praecessit
507 3724 563 3770 nos
589 3714 626 3769 ab
651 3714 732 3769 initio
749 3715 849 3771 mundi
866 3731 935 3771 curn
952 3731 1136 3786 anemone,
1158 3731 1189 3774 ut

143 3811 270 3881 excipiat
285 3806 466 3876 egredientes
484 3818 524 3858 ex
536 3801 592 3857 bac
609 3802 684 3871 vita,
703 3803 730 3857 in
748 3819 805 3874 qua
821 3814 920 3860 tamen
934 3823 990 3884 nec
1007 3807 1104 3878 impiis
1124 3810 1190 3865 iicet

143 3915 273 3957 manere.
306 3897 363 3951 seu
381 3904 412 3950 tu
429 3894 505 3948 haec
521 3892 626 3948 meiius
649 3901 679 3946 et
695 3891 871 3964 perfectius,
893 3912 981 3967 quam
1002 3913 1058 3966 ego
1075 3909 1121 3954 tot
1138 3897 1190 3955 ob.

144 4001 228 4056 rutns
254 3985 317 4043 aliis
340 3997 462 4057 quoque
486 3981 633 4038 mortibus
660 3980 690 4036 in
713 3980 767 4038 ista
790 3982 958 4054 indignitate
984 3994 1014 4040 et
1041 3984 1189 4061 iniquitate
