2730 4724
142 312 205 390 sot
258 264 261 273 ¹
625 314 715 381 ests.

174 481 217 539 ts.
234 473 396 540 otteiet.
872 470 934 529 Nu.
951 471 1159 532 MMCLxlx.

446 604 884 706 sacratissimus

324 740 554 820 instatuatae
572 738 833 799 munitarum
847 742 1022 794 maret.

228 975 281 1026 itti
293 978 331 1026 tet
344 976 560 1030 tienalttotn
572 977 720 1031 &natant
733 976 759 1024 te
771 975 838 1036 etue
853 976 894 1030 ite
907 976 1027 1037 §oller
1040 976 1060 1024 1.
1072 978 1116 1026 nt.

478 1051 536 1104 utut.
548 1049 712 1098 Aurliaier
724 1047 765 1096 lll.
778 1049 796 1096 i.
808 1048 857 1099 att.
1115 1084 1118 1089 >

142 1177 296 1238 Decianus
313 1179 438 1257 collegii
454 1182 636 1238 Facuitotis
657 1181 851 1257 theologicae
873 1181 910 1237 ira
935 1183 1111 1239 academia
1128 1180 1186 1236 itt·

207 1269 418 1346 tenberqensi,
434 1272 611 1327 Martinus
622 1270 797 1341 miserus,
812 1269 956 1327 solertem
966 1272 1051 1328 dicit
1061 1267 1186 1328 mssa

206 1360 338 1416 lectoris
353 1361 414 1416 lias
430 1360 554 1418 lr'teras.

732 1470 744 1499 Ι

141 1483 270 1585 Gratias
287 1529 398 1600 agimus
410 1530 481 1586 Deo
494 1539 628 1600 aeterno,
643 1529 725 1589 Patri
736 1531 860 1589 Domini
872 1533 972 1590 nostri
984 1533 1067 1590 Jeeu
1079 1526 1187 1599 Christi,

139 1619 221 1689 quod
232 1618 402 1676 Ecclesiam
420 1620 475 1676 eibi
494 1621 522 1676 in
538 1622 612 1677 Filio
629 1622 733 1693 elegit,
749 1623 878 1679 condidit
894 1631 925 1679 ct
943 1632 1068 1692 servat,
1086 1635 1116 1678 et
1131 1619 1189 1678 sai

139 1707 207 1762 inde
225 1710 335 1764 excitat
353 1710 467 1783 aliquos
484 1711 609 1768 idoneos
626 1712 782 1781 doctores,
798 1712 878 1769 sicut
892 1710 1012 1770 Paulus
1025 1728 1067 1769 ex
1077 1711 1187 1770 Pruna

138 1795 284 1855 adfirmat:
311 1798 483 1869 Ascendit,
510 1800 596 1855 dedit
620 1801 708 1857 dona
731 1798 925 1870 hominibus,
956 1801 1047 1857 alios
1074 1800 1187 1875 quida

135 1886 330 1959 prophetas,
346 1889 430 1942 aiios
446 1889 624 1960 apostolos,
643 1890 727 1946 alios
740 1897 908 1962 pastores,
932 1889 1023 1947 alios
1038 1892 1186 1947 doctores.

136 1976 209 2033 Non
226 1977 349 2032 dubium
365 1989 410 2033 est
429 1976 531 2048 igitur,
549 1979 690 2036 salutares
706 1982 849 2038 doctores
863 1980 925 2038 Dei
939 1981 1023 2036 dona
1040 1999 1127 2051 esse,
1142 1978 1186 2039 sd

136 2075 236 2120 tamen
260 2067 324 2122 vult
347 2066 435 2122 Deus
459 2081 526 2122 esse
552 2066 916 2137 nocentissimorum,
940 2059 1064 2126 indidit
1088 2070 1187 2143 acepta

135 2151 359 2226 Prophetarum
375 2165 404 2210 et
415 2156 637 2226 Apostolorum
647 2156 803 2214 Ecclesiae
821 2173 911 2228 suae,
927 2157 1008 2216 haec
1026 2161 1085 2230 legi
1101 2171 1131 2217 et
1144 2176 1189 2216 co-

135 2244 241 2313 gnosci
257 2246 339 2313 vult,
357 2255 387 2300 et
405 2246 432 2300 in
449 2245 496 2302 his
513 2247 696 2302 voluntatem
713 2263 797 2304 auam
815 2249 964 2318 ostendit,
990 2251 1052 2306 hac
1067 2249 1187 2307 teatinae

136 2344 252 2388 mentes
270 2334 382 2402 erudit,
399 2345 489 2391 vocat
505 2344 536 2392 et
552 2336 587 2391 ad
605 2352 639 2392 se
656 2337 752 2394 trahit.
787 2336 859 2393 lieo
876 2338 914 2393 tle
932 2340 1108 2412 Scripturae
1124 2339 1188 2397 diri·

136 2440 192 2480 nae
216 2424 319 2479 studiis
343 2435 534 2496 praeceptum
559 2436 620 2482 est:
650 2424 791 2482 Verbum
816 2426 939 2483 Christi
960 2427 1089 2486 habitet
1111 2430 1188 2486 irater

134 2528 189 2568 oos
202 2510 341 2591 awnde,
358 2513 462 2568 docete
480 2519 511 2567 et
526 2513 691 2570 admovete
703 2532 766 2571 nos.
800 2515 900 2591 Quare
918 2526 947 2572 et
963 2533 1006 2574 ex
1017 2519 1188 2576 aasentias

137 2613 228 2658 coetu
244 2602 331 2658 Deus
350 2612 438 2658 vocat
462 2614 491 2658 et
514 2603 594 2673 eligit
611 2605 749 2660 doctores
773 2606 895 2662 idoneos
919 2618 949 2662 et
971 2609 1137 2666 salutares:
1158 2607 1189 2663 at

136 2693 219 2749 hunc
237 2709 325 2748 usum
343 2692 466 2747 scholae
484 2690 670 2763 theologicae
687 2693 785 2750 divino
803 2696 926 2750 consilio
950 2696 1107 2754 institutae
1127 2707 1190 2756 sunt

136 2801 193 2856 per
205 2782 371 2853 Prophetas
383 2792 413 2838 et
425 2780 604 2853 Apostolos,
623 2795 652 2838 et
664 2784 805 2855 deinceps
818 2796 1014 2843 conservatae
1028 2801 1060 2843 et
1071 2788 1190 2845 subinde

139 2873 277 2928 divinitus
295 2873 470 2927 instauratae
489 2882 566 2927 sunt.
600 2874 640 2929 Ut
656 2874 742 2942 igitur
758 2875 853 2929 studia
870 2890 924 2930 nos
942 2874 1071 2932 fideliter
1091 2892 1190 2948 regere

139 2973 277 3035 oportet,
302 2963 340 3017 ita
355 2963 411 3031 iis,
434 2962 485 3034 qui
507 2963 542 3017 ad
558 2963 719 3018 ministeria
736 2975 881 3019 vocantur
903 2967 1074 3023 testimonia
1095 2981 1191 3023 coram

140 3052 280 3109 Ecclesia
304 3051 453 3124 impertire
470 3067 527 3106 nos
545 3053 649 3118 decet,
673 3052 765 3124 litque
790 3053 950 3109 testimonii
968 3057 1067 3111 nostri
1088 3073 1190 3113 tenua.

142 3143 238 3211 tinio,
263 3157 331 3196 cum
350 3139 520 3195 decernitur
538 3141 643 3210 gradus
665 3142 773 3197 usitato
797 3142 969 3198 scholarum
989 3159 1087 3200 more.
1121 3147 1190 3201 eun

143 3247 240 3286 autem
264 3231 314 3286 diu
337 3231 366 3284 in
389 3229 494 3285 schola
510 3229 663 3286 Ecclesiae
681 3242 800 3286 nostrae
822 3232 930 3286 vixerit
946 3232 989 3286 D.
1008 3233 1189 3291 Friedericus

143 3321 297 3376 Becholer
308 3318 491 3389 Lipsiensis,
509 3319 727 3389 comperimus,
746 3335 813 3373 eum
824 3318 905 3376 bono
922 3319 1041 3390 ingenio
1059 3334 1089 3379 et
1103 3325 1190 3379 hone.

145 3410 200 3466 stis
217 3427 252 3464 ac
268 3410 323 3482 piis
341 3408 474 3463 moribus
492 3410 653 3478 praeditum
671 3425 749 3463 esse.
781 3407 944 3480 Postquam
962 3421 1061 3468 autem
1086 3415 1116 3471 in
1133 3414 1190 3485 phi.

144 3498 283 3570 Iosophia
300 3510 330 3553 et
346 3499 443 3554 studio
460 3498 623 3567 linguarum
640 3497 761 3552 Latinae
779 3508 809 3553 et
825 3497 961 3554 Graecae
984 3512 1014 3556 et
1032 3502 1189 3558 Hebraicis

147 3589 300 3653 diligenter
316 3587 527 3656 elaboraverit,
546 3592 569 3661 l)
592 3587 695 3641 sedulo
712 3588 820 3642 audivit
834 3589 1009 3661 interpretes
1027 3592 1189 3665 Scripturas

145 3678 340 3751 propheticae
357 3688 386 3732 et
404 3678 600 3749 apostolicae,
619 3692 648 3732 et
664 3678 789 3732 contulit
805 3678 946 3749 probatos
964 3682 1129 3754 scriptores
1145 3699 1189 3737 ve.

145 3779 245 3835 teres,
262 3779 296 3821 ut
312 3769 486 3823 sententiani
499 3768 663 3823 catholicae
677 3767 829 3824 Ecclesiae
842 3769 950 3826 Christi
969 3784 1056 3829 certe
1074 3783 1186 3830 teneret

196 3987 216 4037 1)
229 3983 289 4034 δῶ.
303 3981 446 4031 elaboravit
