2730 4724
631 338 745 471 ‘im‘
1142 340 1230 415 til*

146 502 196 561 D.'
214 489 408 562 Wenie'staa
426 505 530 562 Lince
547 507 702 578 Ductori,
720 507 763 565 D.
779 507 934 567 Andreae
944 503 1136 570 ‘Osiandrm
1160 501 1206 558 D'.

217 592 365 653 Thomue
380 599 576 667 Venatorio,
594 599 638 655 D.
658 601 692 654 V
690 600 736 674 ito
755 598 938 668 Theodoro,
955 607 985 653 et
1002 597 1078 652 aliis
1095 601 1207 650 eorum

212 685 346 759 collegis
369 685 551 742 docentibus
577 689 791 762 Eranqelium
816 689 851 744 in
873 687 1024 745 Ecclesia
1050 681 1208 742 Noribere

213 776 324 850 pensi,
332 767 504 846 frutribus
521 779 589 833 suis
606 779 640 832 in
660 778 788 834 Cleristo
804 776 1017 834 charissimis.

148 907 286 1010 Utinam
309 955 413 1012 similis
431 972 597 1014 consensus
621 968 702 1014 esset
719 956 923 1013 Ecclesiarum
944 955 1056 1029 ubique
1078 953 1115 1009 de
1136 967 1228 1008 vera·
1271 1017 1274 1023 r

148 1043 284 1099 doctrina
301 1044 470 1115 Evangelii,
495 1058 527 1102 ut
545 1059 642 1102 uestra
659 1047 797 1103 Ecclesia
815 1047 925 1102 multos
939 1047 1008 1116 'jam
1032 1059 1126 1102 uanos
1148 1041 1210 1098 Dei

148 1133 299 1189 beneflcio
309 1135 467 1190 nobiscum
479 1149 617 1207 tanquam
631 1155 686 1192 una
699 1155 776 1192 voce
789 1134 941 1193 Christum
950 1134 1110 1207 praedicet.
1137 1132 1209 1188 Nec

148 1241 226 1297 vero
243 1225 429 1295 dubitamus,
446 1227 527 1281 hunc
544 1243 725 1284 consensum
744 1227 844 1282 inultis
862 1226 919 1298 piis
934 1225 1083 1280 mentibus
1103 1223 1211 1279 seluta.

148 1312 335 1380 renituisse,
354 1313 571 1385 etquibusdam
583 1315 892 1386 Ecclesiisprotltisse
909 1313 1091 1386 exemplum.
1126 1310 1210 1387 Quid
1303 1357 1304 1361 ,

137 1397 196 1457 'est
221 1413 321 1456 autem
343 1401 523 1474 optabilius?
548 1404 617 1475 quid
635 1405 684 1475 pio
703 1405 817 1476 pectori
840 1403 976 1483 dulcius,
1001 1418 1091 1475 quam
1106 1400 1210 1456 ridere

148 1487 294 1546 florentes
309 1489 484 1548 Ecclesiae?
506 1492 663 1564 inquibus
682 1504 762 1548 recte
782 1493 892 1547 colitur
907 1491 1014 1561 Deus,
1038 1502 1068 1544 et
1085 1489 1211 1546 traditur

148 1581 289 1635 doctrina
305 1581 456 1651 salutaria,
473 1593 503 1637 et
520 1586 646 1654 quarum
665 1582 802 1655 exempla
819 1577 941 1650 εὔφημα,
962 1590 996 1635 ut
1011 1580 1095 1638 Pauli
1113 1579 1210 1652 verbo
1273 1632 1276 1637 ,
1359 1559 1363 1567 ’

148 1680 286 1738 utamur,
311 1682 417 1727 ornant
441 1670 563 1741 gloriam
590 1672 712 1728 Christi.
748 1670 825 1726 Cum
862 1671 950 1738 igitur
976 1671 1106 1724 maxime
1133 1664 1236 1724 tu'eri⁴

151 1759 347 1815 concordiam
365 1771 509 1834 perpetuo
526 1761 699 1834 cupiamus,
718 1760 858 1816 duximus
874 1760 937 1816 hoc
954 1768 1090 1832 tempore
1106 1757 1230 1814 vobis..

150 1867 223 1905 cum
248 1850 497 1906 communicanda
520 1866 585 1907 esse
612 1850 849 1918 eoaaitiaJcam
872 1850 1043 1922 impendere
1067 1847 1211 1905 deliberat

149 1942 248 1995 tiones
273 1940 480 1996 existimantur
503 1939 541 1995 tle
561 1940 727 2011 mitigandis
752 1939 880 2011 publicis
905 1939 1045 1995 dissidiis.
1085 1939 1212 2011 Scripsit

151 2031 232 2086 enim
254 2029 427 2087 Londensis
456 2030 491 2085 ad
516 2030 674 2103 Principes
698 2041 819 2087 nostros
827 2070 837 2099 ,
866 2031 968 2085 venire
994 2032 1152 2086 Caesarem
1180 2029 1212 2087 in

152 2119 363 2198 Genuanism,
386 2137 447 2174 non
470 2129 503 2173 ut
520 2119 631 2175 bellum
648 2119 734 2175 civile
752 2128 888 2189 moveat,
910 2136 967 2175 nec
987 2131 1020 2175 ut
1037 2119 1211 2190 sanguinem

151 2211 271 2282 piorum
294 2209 433 2282 propinet
456 2209 911 2285 exsorbendumPomilicihus,
935 2210 989 2266 sed
1011 2218 1043 2266 ut
1066 2210 1221 2266 deliberet
1312 2259 1314 2263 ,

150 2299 188 2353 de
214 2298 379 2354 concordia
394 2299 554 2354 moderatis
578 2298 740 2353 rationibus
758 2298 927 2368 sarcienda,
954 2316 988 2353 ac
1004 2297 1140 2354 hortatus
1164 2306 1227 2356 est<

150 2399 292 2457 nostros,
308 2400 341 2443 ut
359 2399 388 2443 et
404 2389 458 2460 ipsi
475 2388 631 2458 diligenter
642 2389 789 2458 cogitent,
806 2405 931 2460 quarum
948 2406 1051 2446 rerum
1064 2390 1225 2459 mitigatio·

152 2480 189 2532 ad
207 2478 321 2533 firmam
347 2491 377 2532 et
394 2478 557 2532 durabilem
580 2479 819 2548 tranquillitatem
843 2479 994 2547 profutura
1019 2479 1065 2533 sit.
1098 2479 1211 2548 Magna

152 2569 217 2622 laus
242 2577 287 2622 est
311 2566 504 2639 Imperatoris
530 2565 645 2634 Caroli,
670 2568 694 2622 si
720 2567 781 2621 hoc
806 2583 876 2621 vere
899 2568 1014 2637 egitur,
1039 2579 1072 2622 ut
1096 2568 1212 2623 Christi

153 2657 247 2725 gloria
264 2657 445 2722 illustretur,
469 2668 498 2711 et
515 2657 600 2712 saluti
623 2648 885 2712 totius'Ecclesiue
902 2660 1083 2714 consulatur.
1116 2656 1210 2713 Praei

153 2747 235 2801 clare
252 2748 330 2802 enim
346 2747 419 2800 illud
436 2747 465 2801 in
477 2747 644 2814 Tragoedia
660 2746 768 2800 dicitur
785 2747 821 2799 de
835 2746 994 2800 excellenti
1012 2745 1224 2817 Imperatores·

154 2836 322 2891 Consulens
334 2836 458 2908 patriae,
476 2852 598 2907 parcere
613 2835 738 2904 ciuibus,
756 2836 817 2891 iera
829 2836 919 2890 caede
932 2836 1092 2903 abstinere,
1108 2852 1211 2892 mores

152 2942 275 2997 regere,
309 2927 441 2981 reddere
460 2926 525 2980 orbi
553 2926 703 2996 quietem,
734 2925 857 2980 saeculo
883 2942 988 2999 pacem
1017 2943 1083 2981 suo.
1128 2924 1212 2981 Haec
1280 2946 1282 2960 ·

152 3034 269 3074 summa
286 3017 398 3086 virtus,
416 3016 526 3088 petitur
537 3016 593 3071 hac
611 3016 728 3070 coelum
741 3015 797 3069 via.
832 3016 889 3070 Sed
900 3032 959 3072 nos.
971 3013 1063 3071 multa
1075 3027 1213 3085 movent,

152 3121 183 3163 ut
200 3108 409 3179 suspicemur,
435 3107 484 3160 vel
502 3106 622 3160 omnino
640 3105 716 3160 falso
734 3106 830 3175 spargi
852 3106 929 3160 hanc
947 3108 1072 3170 ismara,
1098 3116 1128 3160 ut
1147 3106 1212 3178 pul.

154 3197 324 3253 cherrimus
343 3197 385 3250 rei
401 3195 586 3250 simulatione
606 3193 841 3249 benevolentiam
866 3208 895 3249 et
912 3197 1031 3265 plausus
1053 3197 1109 3250 sibi
1128 3196 1212 3249 colli;

153 3297 221 3358 gunt
246 3286 408 3341 adversarii
437 3286 511 3355 apud
541 3284 700 3356 populum,
730 3285 779 3339 vel
811 3285 930 3340 insidias
956 3287 1031 3341 strui
1056 3296 1213 3358 pmetextu

153 3376 402 3450 pacificationum.
446 3374 582 3430 Primum
606 3374 683 3430 enim
709 3374 862 3444 quomodo
888 3386 1123 3430 consentaneum
1150 3384 1216 3441 est,

153 3470 190 3522 de
208 3467 369 3521 concordia
387 3477 506 3520 acturos
524 3479 610 3528 esse,
628 3480 696 3517 cum
714 3463 864 3534 impetrari
882 3482 941 3519 non
960 3465 1072 3535 possit,
1095 3474 1127 3520 ut
1144 3483 1214 3536 pro.

154 3557 279 3627 scriptio
306 3555 475 3610 Mindensis
502 3553 673 3619 aboleatur,
700 3570 768 3608 ctam
796 3555 888 3624 parari
915 3555 949 3608 ad
975 3555 1085 3609 bellum
1113 3557 1214 3613 omnia

154 3659 294 3716 constet,
313 3662 381 3700 cum
395 3661 480 3714 reges
499 3645 656 3698 invitentur
673 3645 708 3698 at
720 3645 891 3699 societatem
910 3645 989 3717 impii
1008 3655 1037 3700 et
1052 3646 1218 3717 turpissimi

154 3736 305 3805 foederis,
324 3735 404 3807 quod
423 3735 451 3790 iu
464 3745 563 3789 vestro
581 3734 654 3788 urhe
673 3735 778 3787 mettun
797 3744 860 3800 est,
879 3735 1086 3807 deniquecum
1102 3738 1213 3792 ferreae

154 3842 271 3884 mentes
288 3825 467 3882 Pontificum
486 3824 690 3903 nihilomagis
716 3825 751 3878 ad
779 3825 955 3896 aequitatem
979 3826 1058 3882 flecti
1083 3829 1216 3898 possint,
1270 3817 1277 3823 ⁸

154 3935 248 3991 qttam
273 3916 390 3972 Pharao
415 3917 551 3986 poterat?
593 3915 674 3969 Solet
703 3916 780 3971 enim
806 3914 940 3969 comitari
966 3916 1029 3971 talis
1056 3920 1218 3987 pertinacis

155 4008 361 4082 blasphemias
379 4015 407 4061 et
425 4004 588 4080 parricidia.
623 4004 681 4061 Setl
699 4004 767 4078 quia
785 4003 872 4064 nobis
890 4006 1138 4068 totanuacmli
1149 4016 1224 4071 nott
