2730 4724
135 335 198 405 268
619 338 709 412 didi).

136 496 306 553 erudelitas.
338 496 407 555 Nos
425 500 610 571 potestesse
622 511 682 555 tarn
695 498 852 564 delicatos,
868 480 1177 570 ntirriurtenobircun

135 588 180 656 agi
193 604 208 641 a
222 588 290 642 Deo
305 599 460 660 putemus,
478 591 503 644 si
516 606 572 645 nos
583 590 678 660 adfligi
690 590 778 646 sinat.
807 589 865 644 Sed
877 587 958 645 hano
969 587 1177 667 philosophiam

135 677 182 732 isti
200 676 370 746 oiigarcitici
388 680 443 734 viri
455 698 513 735 non
527 691 646 747 curent,
663 694 791 752 quornm
804 678 961 735 mollitiem
972 688 1003 734 et
1014 677 1176 751 cupiditates

135 782 192 821 vos
214 767 357 837 imprimis
384 770 525 825 detestari
550 770 675 826 scimus.
708 768 850 826 Videmus
875 780 1056 826 senescente
1078 765 1175 823 mundo

134 872 274 911 crescere
292 858 470 930 impietatem
488 867 518 915 et
533 860 699 930 Epicureas
717 859 886 931 opiniones.
917 858 966 914 Eo
989 859 1094 930 rnsj0ri
1116 873 1175 913 uou-

134 947 265 1000 teutione
287 963 377 1003 veros
400 948 533 1003 honores
560 948 620 1003 Dei
644 949 719 1004 tueri
744 964 850 1003 ornnes
875 947 915 1021 pii
940 947 1102 1015 debebant,
1125 962 1175 1001 nor
1204 950 1210 959 “

134 1035 233 1090 solum
257 1037 398 1092 doctores
419 1037 641 1106 Ecclesium,
667 1037 720 1094 sed
741 1038 828 1094 etiarn
852 1038 963 1094 caeteri
981 1038 1034 1111 qui
1051 1043 1176 1111 praesunt

136 1125 327 1193 civitatibus,
350 1144 428 1199 quos
451 1128 538 1183 etiem
563 1142 647 1183 ruant
664 1128 871 1186 auctoritatem
886 1129 924 1207 ad
940 1127 1064 1198 gloriam
1079 1124 1175 1183 Christi

135 1215 274 1271 conterre
291 1217 431 1289 oportuit.
468 1222 571 1273 statute
587 1217 650 1273 hoe
672 1234 792 1289 semper
813 1229 937 1287 egerunt
960 1212 1134 1284 adversarii,
1152 1221 1177 1269 et

135 1306 160 1359 si
173 1322 246 1377 quas
259 1318 426 1377 proponent
441 1307 675 1375 moderationes,
689 1308 849 1380 praecipue
860 1306 923 1364 hou
936 1308 1032 1365 acturi
1043 1307 1176 1371 videntur,
1214 1316 1220 1325 ·

134 1405 169 1449 ut
186 1407 307 1451 nostros
324 1396 503 1465 distrahant,
528 1414 588 1452 non
614 1398 705 1467 ignari
722 1397 875 1453 concionis
892 1396 1037 1471 Eumenis
1054 1397 1091 1452 de
1107 1395 1178 1451 Anti.

135 1476 233 1555 g'ono,
259 1487 287 1540 in
312 1503 369 1559 qua
390 1488 438 1542 iiie
463 1486 600 1541 narrabat
619 1486 788 1559 apologum.
828 1486 893 1542 Leo
918 1487 1066 1560 quispiam
1089 1496 1177 1541 amant

134 1576 261 1646 pastoris
280 1574 365 1631 iiiiunr
384 1577 529 1648 pueiiem,
551 1576 652 1648 petivit
674 1576 730 1631 sibi
753 1592 820 1631 earn
841 1576 901 1631 dari
917 1581 1072 1647 'uxorem
1093 1581 1179 1631 nernt

136 1681 269 1720 amorem
286 1682 389 1735 suurn,
413 1667 540 1739 ideoque
559 1664 719 1739 promittit,
743 1665 858 1737 pueiiae
874 1663 947 1722 niitii
965 1666 1029 1721 iore
1046 1665 1164 1739 periculi
1170 1703 1180 1734 ,

136 1756 189 1810 sed
206 1756 352 1811 victuram
369 1768 433 1811 tuto
458 1767 487 1811 et
503 1757 635 1811 suaviter
650 1756 726 1827 apud
744 1756 850 1828 ipsum.
883 1755 994 1812 Pastor
1010 1756 1180 1831 respondet,

136 1846 217 1901 initia
234 1848 343 1902 amoris
360 1839 527 1903 ardentiora
544 1862 629 1912 esse,
648 1855 751 1918 postea
768 1861 858 1916 saepe
874 1845 1005 1902 innidere
1021 1848 1103 1903 rixas
1114 1847 1181 1902 inter

136 1932 286 1995 umentes..
313 1936 402 2011 Quod
421 1936 444 1991 si
464 1937 538 1991 inter
556 1937 652 2007 ipsunt
669 1936 844 2008 et‘pueiiam
866 1936 1044 2004 ttttoideret,¹
1057 1948 1182 1994 metuero

137 2040 171 2079 se
187 2042 300 2094 ungues
318 2038 347 2081 et
363 2028 466 2082 denter
484 2027 589 2081 ieonis.
623 2026 694 2080 Abit
712 2025 800 2096 igitur
819 2025 884 2095 ieo,
909 2042 946 2081 eo
969 2026 1074 2083 dentes
1097 2024 1182 2084 exitui

137 2132 173 2169 ee
196 2116 326 2171 truncari
350 2126 583 2185 angustentur,
609 2127 714 2187 poster
736 2115 772 2169 ad
795 2127 944 2187 pastorem
964 2116 1060 2183 redit,
1086 2118 1184 2173 iterum

136 2206 211 2277 petit
228 2205 340 2274 puellae
359 2206 484 2277 nuptias.
511 2206 628 2279 'Pastor
645 2215 678 2261 ut
694 2206 768 2260 vidit
784 2205 903 2261 leonem
920 2218 1107 2263 exarmatum
1123 2222 1184 2263 esst

136 2295 285 2364 unguibus
303 2305 331 2350 et
348 2294 504 2361 dentibus,
528 2297 603 2350 iuste
622 2313 690 2350 eurn
707 2298 822 2351 multat.
856 2296 898 2351 Ita
922 2296 1029 2352 videtis
1053 2298 1186 2353 adverta-

131 2384 198 2439 rios
213 2385 240 2439 id
254 2402 358 2454 agere,
376 2398 407 2441 ut
419 2386 551 2455 singulos
564 2385 688 2440 nudatos
702 2386 853 2457 praesidiis
864 2386 1046 2458 opprimant.
1079 2384 1186 2441 Verum

138 2476 167 2530 id
185 2476 311 2532 viderint
329 2476 380 2545 iiii,
399 2477 433 2530 ad
452 2493 528 2549 quos
544 2477 620 2532 haec
638 2494 708 2531 cura
725 2477 863 2548 pertinet.
895 2476 1046 2532 Nostrum
1060 2487 1108 2533 est
1122 2494 1190 2532 oon·

137 2567 274 2621 stantiam
291 2568 319 2622 in
336 2568 458 2622 dicenda
474 2585 543 2621 vera
561 2568 704 2623 sententia
722 2578 886 2638 praestare,
912 2578 941 2621 et
964 2566 1116 2623 eruciatus
1137 2584 1189 2641 pro

131 2657 248 2713 'Christi
265 2656 356 2727 gioria
381 2668 441 2714 non
464 2656 620 2728 defugere,
647 2657 671 2712 si
697 2656 793 2712 rabies
818 2656 1056 2711 adversariorum
1079 2673 1137 2714 nos
1157 2656 1189 2711 ed

137 2748 279 2818 supplicia
296 2748 397 2821 rapiet.
432 2747 513 2803 ilaec
531 2747 706 2820 scripsimus
720 2747 755 2801 ad
766 2763 823 2801 vos
836 2747 951 2818 optimo
963 2756 993 2801 et
1004 2747 1190 2805 amicissimo

137 2837 252 2901 animo,
277 2837 480 2909 repetimus,
506 2846 537 2890 ut
562 2836 715 2908 epistolam
740 2847 872 2890 nostram
889 2835 960 2891 boni
977 2838 1145 2895 consulatis
1161 2853 1194 2894 ae

138 2927 225 2983 nobis
242 2943 330 2999 quam
346 2927 477 2999 primurn
494 2924 707 2999 respondeatis.
741 2923 824 2980 Bene
841 2925 945 2980 valete.

786 3085 938 3142 Martinus
960 3084 1129 3145 Lutherus.

787 3214 894 3270 Justua
916 3212 1025 3269 Jonas.

789 3342 944 3399 Johannes
968 3344 1194 3417 Bugenhagius.

791 3474 944 3548 Philippus
962 3473 1153 3535 Melanthos.
